4702 6338
936 446 984 503 a
1022 420 1495 526 Constantino·
1532 430 1643 501 M.
1688 420 1906 522 usque
1934 419 2034 501 ad
2075 419 2548 526 Theodosium
2567 426 2759 525 sun.
3071 450 3223 522 277

2856 543 2881 585 Χ

372 607 452 685 8(
503 607 727 710 quieti
778 609 1073 688 restituit
1139 611 1317 711 [r].
1384 611 1837 710 Religionem·
1888 629 2123 686 autem
2184 625 2387 683 tanto
2434 604 2660 682 studio
2723 601 3085 704 amplexus
3159 604 3254 679 est
3293 661 3320 699 ,
3364 677 3373 681 ,

375 735 498 806 ut,
552 710 828 789 sublatis
877 714 1124 790 veteris
1176 712 1667 813 superstitionis
1721 711 1793 788 8<
1850 710 2356 787 haereticorum
2401 706 2745 807 reliqum,
2814 705 2968 781 veri.
3018 705 3161 780 Dei
3182 704 3324 780 cul-

370 830 532 887 tum
589 813 844 914 ubique
895 814 1318 891 restitueret.
1392 816 1749 908 Romam,
1800 812 1994 888 νἰξὶο
2045 812 2158 887 Eu
2207 810 2407 906 enin,
2459 833 2622 884 curn
2673 805 2958 882 venisset
2981 863 3017 920 ,Ο
3066 805 3344 882 oratio--

370 937 464 988 ne
530 913 810 1011 habita,
889 916 1216 1011 Senatui,
1268 916 1388 1017 qui
1438 936 1595 993 tum
1645 939 1856 1014 prope
1906 913 2116 990 unive
2179 938 2254 989 us
2307 937 2396 987 ex
2484 908 2854 1008 gentilibus
2915 906 3273 984 constabat
3300 963 3328 1002 ,

372 1013 773 1113 persuadere
828 1037 1120 1093 conatus
1170 1016 1310 1112 est,
1371 1037 1447 1094 ut
1507 1016 1920 1114 religionem
1979 1009 2454 1090 Christianam
2485 1009 3053 1109 amplefiieretur:
3109 1007 3181 1084 8<
3226 1005 3329 1083 su·

370 1114 569 1192 stulit
629 1142 716 1192 ex
773 1117 1001 1195 Curia
1068 1144 1258 1195 aram
1319 1117 1734 1195 Viffloriae:
1783 1141 1924 1217 qua
1974 1114 2330 1192 occasione
2383 1115 2791 1214 Symmacus
2842 1108 3097 1210 scripsit
3161 1109 3336 1210 Epi-

372 1213 627 1313 stolam
652 1276 678 1315 ‚
732 1239 811 1296 ut
871 1224 1018 1319 ejus
1080 1212 1618 1297 restitutionem‘
1639 1218 2043 1318 impetraret
2092 1213 2264 1316 [s].

1674 1398 1739 1499 ς.
1798 1398 2064 1478 ,Χινι

476 1577 821 1658 Ceterum
872 1581 962 1659 a'b
1017 1605 1112 1660 eo·
1158 1601 1345 1660 nova
1377 1575 1453 1658 iri
1523 1581 2037 1681 magistratibus
2072 1637 2098 1676 ‚
2160 1575 2449 1674 officiis,
2496 1597 2586 1654 ac·
2628 1575 3082 1677 dignitatibus
3113 1632 3137 1671 ‚
3181 1599 3332 1651 mu-

369 1680 559 1757 tatio
614 1678 799 1758 fabia
850 1682 945 1759 est
1016 1682 1197 1782 [t]:
1274 1683 1464 1784 quod
1533 1684 1772 1760 acerbe
1845 1683 2225 1784 insequitur
2294 1679 2616 1757 Zosimus
2654 1736 2674 1755 .
2748 1679 3090 1778 Quinque
3138 1676 3330 1753 enim

368 1779 757 1878 Magistros
792 1783 1101 1862 militum
1131 1783 1343 1882 fecit,
1388 1785 1725 1883 auxitque
1767 1786 1981 1861 etiam
2021 1808 2388 1860 numerum
2431 1778 2960 1878 Praefefforum
3011 1778 3338 1873 alarum,

369 1882 862 1962 Tribunorum
904 1945 932 1982 ,
988 1887 1435 1987 aliorumque·
1479 1887 1815 1962 militibus
1878 1884 2422 1986 praepositorum
2465 1940 2483 1959 .
2542 1884 2718 1980 Quo
2767 1878 2959 1957 sabio
2993 1937 3018 1975 ‚
3090 1876 3337 1982 fiscum

369 1984 707 2161 principis·
773 1989 963 2087 gravi
1025 2011 1235 2064 onere
1302 1987 1598 2089 pressum
1646 1988 1776 2063 esse
1801 2044 1826 2082 ,
1882 1984 2110 2063 scribit
2165 1985 2533 2079 Zofimus‚
2584 1979 3023 2083 reprehensor
3075 1981 3352 2081 ubique

413 2109 887 2195 mperatorum
935 2089 1497 2166 Christianorum
1543 2091 1909 2164 acerrimus
1931 2145 1951 2164 .
2003 2082 2255 2185 Officia
2304 2109 2590 2187 quoque
2648 2080 2990 2182 palatina
3046 2080 3120 2157 8(
3151 2077 3339 2157 civi-

370 2182 481 2262 lta
545 2189 741 2265 auxit
796 2191 1051 2267 mirum
1102 2191 1174 2266 in
1212 2192 1542 2267 modum:
1612 2190 2071 2288 omniumque
2121 2187 2548 2286 dignitatum
2616 2183 2688 2261 8<
2760 2184 3157 2260 officiorum
3196 2205 3340 2257 cer-

372 2303 561 2364 tam·
597 2290 669 2364 in
727 2290 997 2367 ordines
1064 2290 1218 2369 suos
1278 2290 1803 2392 descriptionem
1871 2287 2082 2385 fecit,
2146 2308 2225 2364 ut
2313 2288 2432 2364 alii
2506 2283 2718 2362 essent
2791 2280 3103 2378 illustres
3137 2341 3162 2379 ,
3211 2282 3332 2360 alii

369 2385 856 2488 speebbiles,
909 2390 1297 2484 Clariffimi
1351 2392 1509 2485 alii,
1569 2392 1686 2466 alii
1734 2390 2031 2490 denique
2088 2384 2633 2486 PerfeHiffimi:
2687 2411 2877 2486 quae
2930 2383 3160 2484 classes
3208 2383 3333 2459 diu

370 2488 800 2590 permansere
859 2491 999 2566 etsi
1013 2491 1361 2590 interdum
1438 2491 1576 2565 alia:
1651 2490 1948 2590 dignitas
2028 2489 2147 2566 alii
2236 2489 2462 2565 ordini
2546 2484 2880 2587 adscripta
2939 2484 3076 2562 est.
3133 2489 3340 2562 Mor—

369 2609 537 2666 tuus
581 2591 675 2667 est
718 2594 825 2667 Im
878 2614 1105 2668 erator
1178 2587 1617 2668 Theodosius
1679 2616 1867 2668 anno
1944 2589 2215 2691 imperii
2280 2590 2490 2665 XVI.
2538 2586 2857 2689 filiosque
2912 2584 3065 2664 suos
3096 2645 3121 2681 ,
3183 2589 3326 2683 jam

369 2710 540 2766 ante
591 2696 804 2790 Augu
864 2717 940 2767 os
979 2713 1280 2788 creatos,
1352 2693 1623 2769 heredes
1681 2693 1949 2792 imperii
2047 2692 2119 2769 ὃ(
2174 2690 2519 2792 consortes
2589 2689 2716 2765 hac
2749 2756 2758 2762 .
2787 2689 2936 2765 le‘”e
3008 2688 3128 2782 reli
3188 2687 3338 2784 uit,

370 2791 765 2868 utruoriens
808 2793 1163 2889 ArcadiO,
1229 2794 1574 2870 Occidens
1622 2794 1887 2871 cederet
1941 2793 2270 2870 Honorio
2300 2793 2374 2889 ,s
2416 2792 2659 2907 illique
2722 2792 2843 2866 Ru
2902 2713 3337 2886 numfhuic

328 2939 331 2940 f
373 2890 791 2968 Stiliconem
840 2915 1101 2970 tutores
1173 2896 1400 2973 dedit:
1435 2922 1738 2998 quorum
1786 2894 2201 2974 au&oritate
2262 2894 2334 2971 8<
2382 2893 2674 2972 consilio
2730 2912 3088 2970 uterentur
3127 2890 3202 2976 in
3223 2889 3338 2968 ad-

376 2992 826 3071 ministranda
884 2996 1235 3097 republica
1273 2996 1456 3099 [u].

1711 3179 1777 3281 §.
1831 3176 2001 3259 xv,

484 3385 885 3438 ARcAmus
959 3361 1171 3462 igitur
1238 3358 1310 3439 8<
1385 3384 1785 3442 Howoams
1830 3425 1855 3463 ,
1920 3362 2141 3443 diviso
2200 3364 2382 3442 inter
2458 3358 2526 3441 se
2595 3362 2890 3463 imperio
2952 3361 3342 3459 Romano,

375 3456 748 3538 succedunt
806 3464 983 3563 patri
1016 3523 1041 3559 ,
1095 3491 1281 3542 anno
1330 3465 1594 3544 Christi
1645 3467 2122 3545 CCCXCV.
2172 3468 2283 3542 Ac
2336 3466 2461 3567 sub
2510 3465 2817 3542 Arcadio
2873 3463 3153 3577 quidem
3196 3487 3340 3560 gra·

376 3584 464 3638 ve
538 3560 857 3639 fortunae
910 3565 1181 3666 imperii
1233 3588 1582 3643 certamen
1641 3565 1774 3645 fuit
1846 3594 2004 3645 cum
2060 3567 2331 3661 Rufino
2381 3590 2615 3644 tutore
2668 3564 3000 3661 Arcadii,
3066 3563 3138 3640 8<
3170 3562 3342 3638 Gai-

377 3687 471 3740 na
535 3664 709 3741 duce
768 3665 1139 3744 Gothico:
1192 3693 1273 3743 ac
1325 3669 1622 3769 denique
1684 3695 1844 3744 cum
1907 3666 2258 3770 Eutropio
2311 3668 2696 3769 eunuch03
2763 3669 2883 3770 qui
2940 3666 3088 3768 post
3141 3662 3346 3741 Rufi-

375 3788 551 3879 num
616 3765 912 3844 summas
971 3768 1042 3844 in
1101 3768 1260 3845 aula
1310 3771 1650 3847 tenebat:
1700 3769 1771 3846 8<
1833 3770 2132 3869 deniqne
2191 3792 2353 3846 cum
2404 3770 2697 3846 barbaris
2761 3770 3082 3871 populiS,
3130 3767 3345 3867 impe-

374 3890 559 3941 num
610 3868 1092 3947 invadentibus
1130 3929 1152 3945 .
1207 3871 1508 3948 Rufinus
1549 3871 1831 3973 quidem
1891 3872 2259 3971 imperium
2311 3872 2592 3947 tandem
2642 3868 3058 3965 adfectavit,
3091 3870 3344 3944 multa-

379 3990 518 4067 que
581 3967 852 4045 miscuit
887 4028 911 4066 ,
964 3972 1176 4047 etiam
1228 3973 1526 4049 barbaris
1584 3972 1924 4050 induistis:
1959 3976 2150 4069 cujus
2199 3971 2464 4049 consilii
2520 3994 2679 4047 eum
2734 3972 3004 4047 exitum
3061 3970 3345 4063 habuit,

373 4090 506 4164 ut,
589 4095 674 4148 co
723 4072 870 4147 nita
932 4073 1269 4150 militibus
1328 4074 1450 4150 ista
1500 4099 1572 4151 re
1623 4133 1648 4171 ‚
1717 4096 1877 4151 ante
1936 4073 2138 4173 ipsius
2207 4074 2647 4174 Imperatoris
2711 4073 2911 4172 pedes
2978 4071 3347 4146 trucidare·

374 4189 490 4246 tur
551 4097 767 4269 [κῗ.
835 4173 1096 4250 Gaines
1140 4233 1166 4269 ,
1233 4176 1353 4277 qui
1420 4200 1705 4275 magnas
1787 4174 2099 4253 adversus
2151 4175 2640 4278 imperatorem
2709 4173 2941 4274 copias
2993 4194 3346 4269 compara-

381 4292 582 4349 verat
614 4330 638 4368 ‚
686 4275 914 4352 navali
971 4276 1234 4377 proelio
1289 4276 1683 4377 superatus,
1730 4277 1802 4355 &
1850 4279 1920 4354 in
1969 4275 2131 4376 fuga
2191 4274 2590 4353 interse&us
2641 4274 2773 4353 est.
2831 4274 3151 4350 Eundem
3204 4271 3347 4348 exi-

377 4393 535 4451 tum
590 4375 802 4451 etiam
841 4377 1288 4479 Eutropius,
1334 4380 1905 4494 propter-&scelera
1935 4438 1959 4473 ,
2020 4383 2168 4480 jur‹,·
2211 4378 2480 4456 invenit
2529 4435 2547 4454 .
2599 4382 2938 4456 Mortuus
2985 4375 3078 4450 est
3131 4378 3347 4451 Arca-

376 4475 532 4554 dius
588 4501 778 4555 anno
838 4479 1058 4557 XIII.
1110 4480 1380 4582 imperii
1426 4510 1447 4560 :
1495 4482 1807 4584 princeps
1871 4480 2006 4561 fuit
2076 4481 2368 4562 minime
2427 4480 2548 4558 ille
2592 4480 2877 4583 quidem
2929 4479 3203 4593 malus,·
3233 4475 3344 4554 sed

3138 4605 3242 4657 nl·

259 4856 265 4861 ·
379 4776 492 5021 {r}
541 4781 745 4922 Ζοᾈῇη.
791 4783 910 4846 IV.
960 4805 1055 4861 24.
1087 4784 1219 4867 sqq.
1934 4811 1970 4848 u
2062 4784 2262 4862 Zofim.
2311 4784 2429 4848 IV.
2481 4805 2574 4866 57.
2620 4785 2700 4850 (9⁹
2740 4784 2922 4849 ultim.

421 4866 486 4938 s]
531 4860 645 4943 Epi
696 4864 798 4941 ola
841 4865 919 4926 est
961 4864 1271 4941 Symmach.
1315 4883 1397 4950 ep.
1443 4864 1518 4930 X.
1565 4884 1663 4948 54.
1850 4784 2016 4980 stu}
2056 4868 2261 4945 Zofim.
2306 4867 2391 4931 V.
2434 4884 2494 4943 7·

426 4941 490 5021 ej
534 4941 742 5020 Zostm.
789 4946 911 5007 IV.
958 4964 1056 5027 27.

2577 5030 2616 5037 ..μ
