4702 6338
1389 386 1483 481 iv

1834 615 3674 785 PRAEFATIO

2010 1390 2159 1470 Um
2217 1385 2405 1471 banc
2425 1389 3100 1510 jurisprudentiae
3155 1400 3543 1479 Romanae
3608 1386 3985 1506 historiam
4021 1390 4234 1476 edere

2033 1508 2606 1629 constituiſjbm,
2663 1512 2798 1622 etsi
2844 1512 3423 1629 prospiciebam,
3457 1503 3682 1621 jore,
3740 1510 3882 1621 qui
3944 1542 4230 1594 omnem

2035 1625 2234 1709 bunc
2269 1629 2591 1712 laborem
2624 1629 3230 1747 supervacuum,
3267 1631 3347 1712 in
3387 1654 3606 1710 tanta
3623 1631 3777 1721 eius
3789 1631 4087 1741 generis
4134 1630 4229 1709 li-

2038 1742 2332 1828 brorum
2381 1750 2588 1864 copia
2632 1777 2858 1861 atque
2906 1747 3440 1853 multitudine,
3496 1742 3933 1858 frustraque
3976 1745 4231 1859 susce-

2027 1884 2249 1979 ptum
2305 1867 2895 1972 arbitrarentur,
2961 1898 3257 1974 tamen,
3308 1864 3384 1979 fi
3444 1893 3632 1975 quae
3688 1894 3806 1945 me
3844 1861 4102 1976 causae
4138 1862 4238 1945 ad

2040 1983 2233 2090 istud
2290 1986 2672 2093 consilium
2711 1987 3225 2104 impultſjent,
3298 1978 3757 2098 ostendiſjem
3795 2040 3823 2085 ,
3890 2013 4037 2064 non
4095 1979 4227 2062 du-

1265 2096 1642 2204 bitabam,
1696 2103 1884 2213 quin
1941 2099 2321 2209 confilium
2406 2131 2649 2181 meum
2699 2104 2979 2216 poſjZ’m
3049 2105 3305 2211 aequis
3399 2130 3642 2178 rerum
3718 2099 4235 2209 existimatori-

1265 2215 1399 2298 bus
1438 2217 1802 2334 probare:
1878 2217 2162 2326 iniquis
2221 2243 2516 2322 autem,
2572 2249 2749 2328 quos
2786 2247 3049 2332 magno
3121 2247 3422 2299 numero
3461 2211 4233 2329 extiturosfhcilepu-

1262 2359 1386 2435 to,
1444 2336 1733 2448 etiamsi
1809 2369 1953 2418 non
2001 2332 2435 2452 probarem,
2507 2335 2855 2446 quoniam
2929 2364 3074 2417 non
3142 2365 3231 2415 en
3303 2329 3576 2441 causis,
3629 2329 3781 2442 sed
3854 2331 4220 2448 cupidita-

1264 2450 1469 2534 tibus
1514 2451 1638 2535 illi
1689 2453 2030 2553 iudicant
2071 2446 2293 2562 fiais,
2346 2483 2493 2533 non
2530 2477 2967 2568 magnopere
3024 2448 3507 2535 laborandum
3557 2449 3960 2564 putabam.
4048 2458 4219 2565 Ego

1262 2600 1429 2651 cum
1462 2593 1598 2686 per
1633 2574 1924 2684 aliquot
1977 2602 2204 2654 annos
2243 2570 2331 2652 in
2389 2573 2727 2685 privatis
2759 2570 3050 2682 scholis
3125 2569 3535 2682 Historiam
3589 2568 3659 2676 J
3668 2568 3822 2649 uris
3891 2571 4229 2652 Romani

1262 2688 1867 2806 explicaviſj‘em‚
1925 2685 2380 2804 intellexiffe
2440 2688 2631 2779 mibi
2689 2687 2904 2802 visus
2949 2686 3183 2801 sum,
3236 2719 3348 2772 eos
3405 2684 3682 2788 libros,
3737 2682 4002 2796 quibus
4061 2715 4225 2770 tum

1260 2805 1472 2918 quasi
1527 2803 1828 2891 ducibus
1870 2838 2167 2910 uterer,
2225 2807 2521 2918 consilio
2588 2839 2745 2889 meo
2802 2839 2949 2889 non
2983 2805 3194 2919 satis
3272 2800 3744 2922 respondere.
3824 2808 3952 2885 Ita
4020 2808 4224 2887 enim

1238 2919 1547 3040 semper
1615 2928 2087 3039 existimavi,
2159 2922 2257 3006 ad
2294 2925 2670 3036 historiam
2727 2925 2974 3040 legum
3022 2918 3370 3038 jurisque
3423 2923 3617 3004 recle
3668 2947 3899 3033 atque
3976 2920 4231 3004 ordine

1250 3043 1850 3159 percipiendam,
1915 3075 2058 3127 non
2112 3041 2320 3152 satis
2376 3038 2569 3154 effe,
2623 3040 2877 3150 scire,
2952 3074 3094 3153 quo
3156 3071 3489 3151 quaeque
3556 3067 3799 3141 anno,
3861 3065 4233 3156 tempore,

1260 3159 1398 3241 vel
1434 3165 1722 3244 auHore
1765 3163 1972 3266 lata,
2025 3159 2522 3270 constitutave
2571 3156 2784 3269 sint,
2839 3189 2980 3271 quo
3031 3160 3115 3241 in
3190 3178 3627 3271 argumento
3695 3156 3895 3256 juris
3957 3155 4225 3268 'versa-
4324 3246 4332 3254 „

1262 3304 1390 3381 ta,
1426 3275 1577 3391 sed
1620 3278 2100 3397 neceffarium
2138 3276 2285 3394 eſje
2351 3276 2743 3391 inprimis,
2829 3279 3224 3388 quoniam,
3285 3271 3428 3384 nisi
3514 3272 3801 3355 ratione
3875 3275 4232 3387 cujusque

1261 3398 1510 3485 animo
1538 3397 1922 3515 perspefla
1950 3460 1978 3505 ,
2027 3395 2252 3513 ipsius
2297 3394 2489 3511 legis
2544 3398 2715 3481 vim
2797 3424 3022 3507 atque
3081 3394 3519 3514 potestatem
3603 3390 3895 3506 primo,
3966 3391 4231 3477 deinde

1264 3517 1422 3618 ejus
1477 3514 1575 3597 ad
1629 3518 1952 3630 nostrum
1992 3515 2271 3624 statum
2308 3545 2556 3597 rerum
2619 3513 3091 3630 publicarum
3119 3505 3677 3626 transferendae
3730 3508 4235 3623 facultatem,

1264 3633 1830 3748 utilitatemque
1886 3631 2111 3742 adeo,
2177 3632 2596 3747 cognoscere
2650 3664 2795 3714 non
2845 3634 3117 3750 pestis,
3173 3639 3423 3745 legum
3485 3629 3811 3714 omnium
3892 3632 4237 3741 jurisque

1148 3756 1155 3761 “
1261 3752 1587 3834 rationes
1641 3749 2041 3865 causasque
2090 3781 2334 3835 omnes
2390 3751 2793 3869 explicatas
2849 3751 3156 3837 babere.
3208 3750 3416 3834 Haec
3452 3778 3701 3832 autem
3722 3745 4061 3862 facultas
4098 3767 4234 3863 vpa-

1262 3870 1466 3973 rari,
1503 3869 1674 3981 fine
1705 3871 1954 3978 status
1999 3870 2286 3986 publici
2354 3871 2673 3973 notitia,
2728 3902 2873 3955 non
2925 3872 3206 3989 potest:
3262 3869 3536 3986 quippe
3606 3873 3850 3985 leges,
3901 3903 3947 3950 a
3994 3863 4234 3976 neccjsl

1249 3985 1611 4100 sitatibus
1648 3991 1831 4107 reip.
1900 3981 2316 4106 prosee‘iae,
2368 3990 2619 4099 status
2703 3990 2991 4103 publici
3060 3990 3564 4101 constitutioni
3638 3982 4238 4102 attemperandae

1243 4103 1496 4218 sunt:
1531 4104 1782 4219 status
1828 4136 2079 4190 autem
2109 4106 2454 4224 publicus
2493 4108 2728 4189 omnis
2771 4141 2863 4191 ex
2919 4109 3206 4224 legibus
3256 4106 3575 4226 publicis
3633 4105 3950 4222 pendet.
4005 4100 4238 4223 ¹Qtid

1265 4224 1578 4335 igitur?
1633 4230 1730 4308 In
1788 4225 2169 4332 omnibus,
2228 4257 2407 4337 quos
2469 4224 2692 4329 vidi,
2754 4224 2845 4311 de
2918 4227 3222 4335 historia
3256 4232 3330 4337 J
3336 4229 3490 4310 uris
3548 4228 3877 4309 Romani
3903 4222 4233 4336 scriptos

1265 4340 1495 4423 libros
1555 4369 1784 4454 atque
1845 4340 2125 4446 editos,
2193 4348 2427 4459 Leges
2474 4344 2673 4443 juris
2726 4342 3010 4459 publici
3083 4344 3412 4430 Romani
3471 4342 4019 4460 praetermiffas
4067 4341 4232 4454 pla-

1264 4489 1502 4570 neque
1556 4462 1921 4577 negleHas
1981 4459 2541 4573 intelligebam3
2616 4461 2904 4576 statum
2980 4493 3228 4548 autem
3299 4461 3720 4573 publicum,
3783 4487 4057 4579 parum
4120 4458 4233 4541 di-

1260 4577 1634 4691 ligenter,
1687 4574 2042 4693 necfittis
2079 4575 2177 4660 ad
2210 4575 2316 4686 id,
2365 4575 2563 4693 quod
2607 4578 3072 4693 speclarem,
3125 4579 3554 4694 consilium,
3619 4608 3834 4690 apte,
3890 4576 4117 4690 idque
4146 4578 4231 4657 in

1249 4698 1514 4813 paucis
1550 4701 1707 4798 ejus
1745 4699 2044 4810 generis
2079 4693 2341 4805 libris,
2427 4695 2831 4814 expositum
2938 4700 3124 4816 effi.
3210 4705 3383 4785 Huc
3456 4696 3779 4805 accedit,
3848 4694 4045 4808 quod
4117 4694 4231 4778 hi-

1237 4814 1489 4927 storia
1535 4810 1825 4923 ca‚.‘de
1872 4848 2024 4934 qua
2065 4816 2381 4933 agitur,
2446 4848 2591 4901 non
2633 4820 2838 4923 juris
2865 4815 3175 4936 solum,
3196 4815 3350 4936 sed
3402 4819 3636 4904 etiam
3690 4818 4044 4933 inprimis
4097 4816 4235 4898 lit·-

4010 4958 4125 5017 58·
