<?xml version="1.0" encoding="UTF-8"?>
<!DOCTYPE html PUBLIC "-//W3C//DTD XHTML 1.0 Transitional//EN"
    "http://www.w3.org/TR/xhtml1/DTD/xhtml1-transitional.dtd">
<html xmlns="http://www.w3.org/1999/xhtml" xml:lang="en" lang="en">
 <head>
  <title>
</title>
<meta http-equiv="Content-Type" content="text/html;charset=utf-8" />
  <meta name='ocr-system' content='tesseract 3.04.00' />
  <meta name='ocr-capabilities' content='ocr_page ocr_carea ocr_par ocr_line ocrx_word'/>
</head>
<body>
  <div class='ocr_page' id='page_1' title='image "./joaugustibachii00bachgoog_0158.png"; bbox 0 0 4702 6338; ppageno 0'>
   <div class='ocr_carea' id='block_1_1' title="bbox 1468 377 3718 487">
    <p class='ocr_par' dir='ltr' id='par_1_1' title="bbox 1468 377 3718 487">
     <span class='ocr_line' id='line_1_1' title="bbox 1468 377 3718 487; baseline 0.002 -27"><span class='ocrx_word' id='word_1_1' title='bbox 1468 385 1617 481; x_wconf 84' lang='lat'><strong>146</strong></span> <span class='ocrx_word' id='word_1_2' title='bbox 1887 435 1893 441; x_wconf 68' lang='grc'><em>·</em></span> <span class='ocrx_word' id='word_1_3' title='bbox 1974 377 2130 462; x_wconf 79' lang='lat' dir='ltr'><strong>Lib.</strong></span> <span class='ocrx_word' id='word_1_4' title='bbox 2190 388 2279 461; x_wconf 88' lang='grc' dir='ltr'><strong>ΙΙ.</strong></span> <span class='ocrx_word' id='word_1_5' title='bbox 2339 387 2524 484; x_wconf 83' lang='lat' dir='ltr'><strong>Cap.</strong></span> <span class='ocrx_word' id='word_1_6' title='bbox 2561 388 2652 462; x_wconf 82' lang='lat' dir='ltr'><strong>H.</strong></span> <span class='ocrx_word' id='word_1_7' title='bbox 2686 389 2812 464; x_wconf 80' lang='lat' dir='ltr'><strong>De</strong></span> <span class='ocrx_word' id='word_1_8' title='bbox 2818 380 3433 487; x_wconf 75' lang='lat' dir='ltr'><strong>jurisprudentia</strong></span> <span class='ocrx_word' id='word_1_9' title='bbox 3474 386 3718 467; x_wconf 78' lang='lat' dir='ltr'><strong>media</strong></span> 
     </span>
    </p>
   </div>
   <div class='ocr_carea' id='block_1_2' title="bbox 1346 540 4321 1231">
    <p class='ocr_par' dir='ltr' id='par_1_2' title="bbox 1346 540 4321 1231">
     <span class='ocr_line' id='line_1_2' title="bbox 1346 540 4314 653; baseline 0.004 -33"><span class='ocrx_word' id='word_1_10' title='bbox 1346 541 1585 639; x_wconf 77' lang='lat' dir='ltr'><strong>cauliS,</strong></span> <span class='ocrx_word' id='word_1_11' title='bbox 1629 540 1965 644; x_wconf 76' lang='lat' dir='ltr'><strong>insignem</strong></span> <span class='ocrx_word' id='word_1_12' title='bbox 1996 545 2233 625; x_wconf 88' lang='lat' dir='ltr'><strong>locum</strong></span> <span class='ocrx_word' id='word_1_13' title='bbox 2283 549 2741 629; x_wconf 86' lang='lat' dir='ltr'><strong>obtinuerunt</strong></span> <span class='ocrx_word' id='word_1_14' title='bbox 2789 550 2974 628; x_wconf 84' lang='lat' dir='ltr'><strong>circa</strong></span> <span class='ocrx_word' id='word_1_15' title='bbox 3012 572 3242 628; x_wconf 87' lang='lat' dir='ltr'><strong>rerum</strong></span> <span class='ocrx_word' id='word_1_16' title='bbox 3271 548 3697 647; x_wconf 82' lang='lat' dir='ltr'><strong>agendarum</strong></span> <span class='ocrx_word' id='word_1_17' title='bbox 3725 545 4314 653; x_wconf 85' lang='lat' dir='ltr'><strong>gerendarumque</strong></span> 
     </span>
     <span class='ocr_line' id='line_1_3' title="bbox 1350 643 4321 750; baseline 0.003 -29"><span class='ocrx_word' id='word_1_18' title='bbox 1350 643 1694 724; x_wconf 90' lang='lat' dir='ltr'><strong>modum:</strong></span> <span class='ocrx_word' id='word_1_19' title='bbox 1742 647 1817 723; x_wconf 88' lang='lat' dir='ltr'><strong>in</strong></span> <span class='ocrx_word' id='word_1_20' title='bbox 1855 673 2002 748; x_wconf 87' lang='lat' dir='ltr'><strong>quo</strong></span> <span class='ocrx_word' id='word_1_21' title='bbox 2059 646 2375 750; x_wconf 66' lang='lat' dir='ltr'><strong>profeao</strong></span> <span class='ocrx_word' id='word_1_22' title='bbox 2412 652 2849 730; x_wconf 81' lang='lat' dir='ltr'><strong>voluntariae</strong></span> <span class='ocrx_word' id='word_1_23' title='bbox 2889 649 3388 730; x_wconf 83' lang='lat' dir='ltr'><strong>observationis</strong></span> <span class='ocrx_word' id='word_1_24' title='bbox 3479 649 3782 750; x_wconf 88' lang='lat' dir='ltr'><strong>rincipiis</strong></span> <span class='ocrx_word' id='word_1_25' title='bbox 3815 650 4131 729; x_wconf 85' lang='lat' dir='ltr'><strong>multum</strong></span> <span class='ocrx_word' id='word_1_26' title='bbox 4162 678 4321 730; x_wconf 88' lang='lat' dir='ltr'><strong>con-</strong></span> 
     </span>
     <span class='ocr_line' id='line_1_4' title="bbox 1353 741 4319 852; baseline 0.004 -31"><span class='ocrx_word' id='word_1_27' title='bbox 1353 745 1505 822; x_wconf 88' lang='lat' dir='ltr'><strong>cedi</strong></span> <span class='ocrx_word' id='word_1_28' title='bbox 1548 741 1649 822; x_wconf 88' lang='lat' dir='ltr'><strong>fas</strong></span> <span class='ocrx_word' id='word_1_29' title='bbox 1687 746 1822 825; x_wconf 90' lang='lat' dir='ltr'><strong>est:</strong></span> <span class='ocrx_word' id='word_1_30' title='bbox 1865 746 1990 825; x_wconf 88' lang='lat' dir='ltr'><strong>etfi</strong></span> <span class='ocrx_word' id='word_1_31' title='bbox 2036 751 2269 850; x_wconf 86' lang='lat' dir='ltr'><strong>negari</strong></span> <span class='ocrx_word' id='word_1_32' title='bbox 2316 778 2462 830; x_wconf 89' lang='lat' dir='ltr'><strong>non</strong></span> <span class='ocrx_word' id='word_1_33' title='bbox 2607 754 2782 850; x_wconf 84' lang='lat' dir='ltr'><strong>test,</strong></span> <span class='ocrx_word' id='word_1_34' title='bbox 2823 779 2942 832; x_wconf 88' lang='lat' dir='ltr'><strong>eos</strong></span> <span class='ocrx_word' id='word_1_35' title='bbox 2987 753 3206 831; x_wconf 83' lang='lat' dir='ltr'><strong>etiam</strong></span> <span class='ocrx_word' id='word_1_36' title='bbox 3252 750 3325 826; x_wconf 88' lang='lat' dir='ltr'><strong>in</strong></span> <span class='ocrx_word' id='word_1_37' title='bbox 3376 775 3419 826; x_wconf 89' lang='lat' dir='ltr'><strong>a</strong></span> <span class='ocrx_word' id='word_1_38' title='bbox 3450 775 3522 826; x_wconf 84' lang='grc' dir='ltr'><strong>ιο</strong></span> <span class='ocrx_word' id='word_1_39' title='bbox 3573 748 3768 852; x_wconf 85' lang='lat' dir='ltr'>saepe</span> <span class='ocrx_word' id='word_1_40' title='bbox 3804 776 4048 851; x_wconf 85' lang='lat' dir='ltr'><strong>genere</strong></span> <span class='ocrx_word' id='word_1_41' title='bbox 4095 754 4319 833; x_wconf 88' lang='lat' dir='ltr'><strong>cerni.</strong></span> 
     </span>
     <span class='ocr_line' id='line_1_5' title="bbox 1355 845 4320 956; baseline 0.004 -33"><span class='ocrx_word' id='word_1_42' title='bbox 1355 847 1723 947; x_wconf 81' lang='lat' dir='ltr'><strong>Exemplis</strong></span> <span class='ocrx_word' id='word_1_43' title='bbox 1796 845 2173 929; x_wconf 85' lang='lat' dir='ltr'><strong>adferendis</strong></span> <span class='ocrx_word' id='word_1_44' title='bbox 2220 851 2482 955; x_wconf 90' lang='lat' dir='ltr'><strong>superse</strong></span> <span class='ocrx_word' id='word_1_45' title='bbox 2530 881 2619 933; x_wconf 96' lang='lat' dir='ltr'><strong>eo</strong></span> <span class='ocrx_word' id='word_1_46' title='bbox 2640 907 2673 952; x_wconf 86' lang='lat'><strong>,-</strong></span> <span class='ocrx_word' id='word_1_47' title='bbox 2712 881 2809 934; x_wconf 90' lang='lat' dir='ltr'><strong>ne</strong></span> <span class='ocrx_word' id='word_1_48' title='bbox 2855 854 3061 933; x_wconf 89' lang='lat' dir='ltr'><strong>nimis</strong></span> <span class='ocrx_word' id='word_1_49' title='bbox 3118 852 3375 950; x_wconf 87' lang='lat' dir='ltr'><strong>longus</strong></span> <span class='ocrx_word' id='word_1_50' title='bbox 3430 849 3555 927; x_wconf 74' lang='lat' dir='ltr'><strong>sim</strong></span> <span class='ocrx_word' id='word_1_51' title='bbox 3604 853 3698 950; x_wconf 86' lang='lat' dir='ltr'><strong>[e</strong></span> <span class='ocrx_word' id='word_1_52' title='bbox 3722 848 3787 948; x_wconf 91' lang='lat'><strong>].</strong></span> <span class='ocrx_word' id='word_1_53' title='bbox 3830 851 3909 929; x_wconf 78' lang='lat' dir='ltr'><strong>ld</strong></span> <span class='ocrx_word' id='word_1_54' title='bbox 3964 853 4089 930; x_wconf 81' lang='lat' dir='ltr'><strong>vix</strong></span> <span class='ocrx_word' id='word_1_55' title='bbox 4148 879 4320 956; x_wconf 87' lang='lat' dir='ltr'><strong>opus</strong></span> 
     </span>
     <span class='ocr_line' id='line_1_6' title="bbox 1350 950 4316 1057; baseline 0.003 -32"><span class='ocrx_word' id='word_1_56' title='bbox 1350 971 1638 1025; x_wconf 87' lang='lat' dir='ltr'><strong>monere</strong></span> <span class='ocrx_word' id='word_1_57' title='bbox 1657 1006 1691 1044; x_wconf 88' lang='lat'><strong>,</strong></span> <span class='ocrx_word' id='word_1_58' title='bbox 1729 950 1949 1050; x_wconf 84' lang='lat' dir='ltr'><strong>Leges</strong></span> <span class='ocrx_word' id='word_1_59' title='bbox 2005 950 2177 1053; x_wconf 83' lang='lat' dir='ltr'><strong>ipsas</strong></span> <span class='ocrx_word' id='word_1_60' title='bbox 2229 952 2425 1057; x_wconf 85' lang='lat' dir='ltr'><strong>saepe</strong></span> <span class='ocrx_word' id='word_1_61' title='bbox 2465 956 2797 1034; x_wconf 88' lang='lat' dir='ltr'><strong>Moribus</strong></span> <span class='ocrx_word' id='word_1_62' title='bbox 2858 957 3263 1056; x_wconf 83' lang='lat' dir='ltr'><strong>abrogatas,</strong></span> <span class='ocrx_word' id='word_1_63' title='bbox 3305 971 3428 1028; x_wconf 89' lang='lat' dir='ltr'><strong>aut</strong></span> <span class='ocrx_word' id='word_1_64' title='bbox 3479 951 3900 1052; x_wconf 81' lang='lat' dir='ltr'><strong>derogatum</strong></span> <span class='ocrx_word' id='word_1_65' title='bbox 3955 953 4064 1051; x_wconf 88' lang='lat' dir='ltr'><strong>iis,</strong></span> <span class='ocrx_word' id='word_1_66' title='bbox 4115 955 4316 1033; x_wconf 89' lang='lat' dir='ltr'><strong>obro-</strong></span> 
     </span>
     <span class='ocr_line' id='line_1_7' title="bbox 1353 1048 4316 1162; baseline 0.003 -36"><span class='ocrx_word' id='word_1_67' title='bbox 1353 1068 1691 1148; x_wconf 83' lang='lat' dir='ltr'><strong>gatumve</strong></span> <span class='ocrx_word' id='word_1_68' title='bbox 1707 1048 1873 1130; x_wconf 81' lang='lat' dir='ltr'><strong>effe.</strong></span> <span class='ocrx_word' id='word_1_69' title='bbox 1928 1050 2207 1156; x_wconf 87' lang='lat' dir='ltr'><strong>Hospes</strong></span> <span class='ocrx_word' id='word_1_70' title='bbox 2243 1054 2368 1155; x_wconf 85' lang='lat' dir='ltr'><strong>fit,</strong></span> <span class='ocrx_word' id='word_1_71' title='bbox 2413 1056 2672 1137; x_wconf 84' lang='lat' dir='ltr'><strong>neceffe</strong></span> <span class='ocrx_word' id='word_1_72' title='bbox 2714 1057 2811 1138; x_wconf 86' lang='lat' dir='ltr'><strong>est</strong></span> <span class='ocrx_word' id='word_1_73' title='bbox 2851 1059 2924 1137; x_wconf 87' lang='lat' dir='ltr'><strong>in</strong></span> <span class='ocrx_word' id='word_1_74' title='bbox 2957 1055 3381 1162; x_wconf 83' lang='lat' dir='ltr'><strong>antiquitate</strong></span> <span class='ocrx_word' id='word_1_75' title='bbox 3409 1055 3784 1152; x_wconf 79' lang='lat' dir='ltr'><strong>Romana,</strong></span> <span class='ocrx_word' id='word_1_76' title='bbox 3832 1055 3955 1157; x_wconf 84' lang='lat' dir='ltr'><strong>qui</strong></span> <span class='ocrx_word' id='word_1_77' title='bbox 4009 1054 4080 1132; x_wconf 91' lang='lat' dir='ltr'><strong>id</strong></span> <span class='ocrx_word' id='word_1_78' title='bbox 4126 1056 4316 1157; x_wconf 84' lang='lat' dir='ltr'><strong>igno-</strong></span> 
     </span>
     <span class='ocr_line' id='line_1_8' title="bbox 1352 1169 1498 1231; baseline -0.021 -1"><span class='ocrx_word' id='word_1_79' title='bbox 1352 1169 1498 1231; x_wconf 81' lang='lat' dir='ltr'><strong>ret.</strong></span> 
     </span>
    </p>
   </div>
   <div class='ocr_carea' id='block_1_3' title="bbox 2573 1279 2995 1442">
    <p class='ocr_par' dir='ltr' id='par_1_3' title="bbox 2573 1279 2995 1442">
     <span class='ocr_line' id='line_1_9' title="bbox 2573 1279 2995 1442; baseline -0.007 -22"><span class='ocrx_word' id='word_1_80' title='bbox 2573 1279 2587 1292; x_wconf 32' lang='lat'><strong>⁸</strong></span> <span class='ocrx_word' id='word_1_81' title='bbox 2685 1339 2750 1442; x_wconf 56' lang='grc' dir='ltr'><strong>ς.</strong></span> <span class='ocrx_word' id='word_1_82' title='bbox 2859 1341 2995 1418; x_wconf 77' lang='lat' dir='ltr'><strong>nr.</strong></span> 
     </span>
    </p>
   </div>
   <div class='ocr_carea' id='block_1_4' title="bbox 1352 1514 4312 2134">
    <p class='ocr_par' dir='ltr' id='par_1_4' title="bbox 1352 1514 4312 2134">
     <span class='ocr_line' id='line_1_10' title="bbox 1458 1514 4305 1636; baseline 0.002 -42"><span class='ocrx_word' id='word_1_83' title='bbox 1458 1514 1848 1616; x_wconf 85' lang='lat' dir='ltr'><strong>Ceterum,</strong></span> <span class='ocrx_word' id='word_1_84' title='bbox 1884 1543 1970 1598; x_wconf 88' lang='lat' dir='ltr'><strong>ne</strong></span> <span class='ocrx_word' id='word_1_85' title='bbox 1999 1521 2155 1624; x_wconf 89' lang='lat' dir='ltr'><strong>quis</strong></span> <span class='ocrx_word' id='word_1_86' title='bbox 2190 1543 2411 1621; x_wconf 84' lang='lat' dir='ltr'><strong>erret,</strong></span> <span class='ocrx_word' id='word_1_87' title='bbox 2447 1521 2517 1601; x_wconf 89' lang='lat' dir='ltr'><strong>id</strong></span> <span class='ocrx_word' id='word_1_88' title='bbox 2558 1523 2943 1602; x_wconf 87' lang='lat' dir='ltr'><strong>tenendum</strong></span> <span class='ocrx_word' id='word_1_89' title='bbox 2979 1521 3117 1620; x_wconf 89' lang='lat' dir='ltr'><strong>est,</strong></span> <span class='ocrx_word' id='word_1_90' title='bbox 3167 1519 3254 1598; x_wconf 86' lang='lat' dir='ltr'><strong>de</strong></span> <span class='ocrx_word' id='word_1_91' title='bbox 3293 1517 3545 1636; x_wconf 87' lang='lat' dir='ltr'><strong>quibus</strong></span> <span class='ocrx_word' id='word_1_92' title='bbox 3599 1515 3671 1596; x_wconf 88' lang='lat' dir='ltr'><strong>in</strong></span> <span class='ocrx_word' id='word_1_93' title='bbox 3706 1518 3968 1620; x_wconf 83' lang='lat' dir='ltr'><strong>legibus</strong></span> <span class='ocrx_word' id='word_1_94' title='bbox 4019 1541 4305 1601; x_wconf 89' lang='lat' dir='ltr'><strong>cautum</strong></span> 
     </span>
     <span class='ocr_line' id='line_1_11' title="bbox 1356 1615 4309 1727; baseline 0.003 -34"><span class='ocrx_word' id='word_1_95' title='bbox 1356 1615 1699 1696; x_wconf 88' lang='lat' dir='ltr'><strong>sancitum</strong></span> <span class='ocrx_word' id='word_1_96' title='bbox 1751 1647 1837 1699; x_wconf 89' lang='lat' dir='ltr'><strong>ue</strong></span> <span class='ocrx_word' id='word_1_97' title='bbox 1876 1621 2041 1700; x_wconf 81' lang='lat' dir='ltr'><strong>effet</strong></span> <span class='ocrx_word' id='word_1_98' title='bbox 2073 1681 2099 1722; x_wconf 93' lang='lat'><strong>,</strong></span> <span class='ocrx_word' id='word_1_99' title='bbox 2139 1650 2223 1701; x_wconf 89' lang='lat' dir='ltr'><strong>ea</strong></span> <span class='ocrx_word' id='word_1_100' title='bbox 2273 1623 2801 1727; x_wconf 86' lang='lat' dir='ltr'><strong>saepenumero,</strong></span> <span class='ocrx_word' id='word_1_101' title='bbox 2846 1643 2996 1702; x_wconf 89' lang='lat' dir='ltr'><strong>tam</strong></span> <span class='ocrx_word' id='word_1_102' title='bbox 3045 1624 3118 1700; x_wconf 91' lang='lat' dir='ltr'><strong>in</strong></span> <span class='ocrx_word' id='word_1_103' title='bbox 3177 1622 3364 1700; x_wconf 76' lang='lat' dir='ltr'><strong>libris</strong></span> <span class='ocrx_word' id='word_1_104' title='bbox 3411 1619 3697 1718; x_wconf 79' lang='lat' dir='ltr'><strong>nostriS,</strong></span> <span class='ocrx_word' id='word_1_105' title='bbox 3727 1647 3943 1723; x_wconf 84' lang='lat' dir='ltr'><strong>quam</strong></span> <span class='ocrx_word' id='word_1_106' title='bbox 3996 1622 4071 1699; x_wconf 90' lang='lat' dir='ltr'><strong>in</strong></span> <span class='ocrx_word' id='word_1_107' title='bbox 4131 1645 4309 1703; x_wconf 84' lang='lat' dir='ltr'><strong>vete·</strong></span> 
     </span>
     <span class='ocr_line' id='line_1_12' title="bbox 1357 1717 4311 1828; baseline 0.002 -32"><span class='ocrx_word' id='word_1_108' title='bbox 1357 1717 1545 1797; x_wconf 80' lang='lat' dir='ltr'><strong>ribus</strong></span> <span class='ocrx_word' id='word_1_109' title='bbox 1601 1745 1697 1798; x_wconf 91' lang='lat' dir='ltr'><strong>au·</strong></span> <span class='ocrx_word' id='word_1_110' title='bbox 1764 1723 2039 1820; x_wconf 83' lang='lat' dir='ltr'><strong>oribus,</strong></span> <span class='ocrx_word' id='word_1_111' title='bbox 2091 1727 2425 1804; x_wconf 88' lang='lat' dir='ltr'><strong>Moribus</strong></span> <span class='ocrx_word' id='word_1_112' title='bbox 2466 1729 2815 1826; x_wconf 82' lang='lat' dir='ltr'><strong>majorum</strong></span> <span class='ocrx_word' id='word_1_113' title='bbox 2859 1745 3146 1828; x_wconf 84' lang='lat' dir='ltr'><strong>accepta</strong></span> <span class='ocrx_word' id='word_1_114' title='bbox 3191 1720 3457 1801; x_wconf 79' lang='lat' dir='ltr'><strong>referri.</strong></span> <span class='ocrx_word' id='word_1_115' title='bbox 3508 1723 3740 1823; x_wconf 33' lang='lat' dir='ltr'><strong>Quod,</strong></span> <span class='ocrx_word' id='word_1_116' title='bbox 3768 1722 4060 1824; x_wconf 75' lang='lat' dir='ltr'><strong>quidem.</strong></span> <span class='ocrx_word' id='word_1_117' title='bbox 4095 1728 4311 1803; x_wconf 63' lang='lat' dir='ltr'><strong>maxiz-</strong></span> 
     </span>
     <span class='ocr_line' id='line_1_13' title="bbox 1361 1820 4312 1931; baseline 0.002 -35"><span class='ocrx_word' id='word_1_118' title='bbox 1361 1843 1478 1896; x_wconf 86' lang='lat' dir='ltr'><strong>me</strong></span> <span class='ocrx_word' id='word_1_119' title='bbox 1508 1820 1636 1919; x_wconf 87' lang='lat' dir='ltr'><strong>fit,</strong></span> <span class='ocrx_word' id='word_1_120' title='bbox 1687 1824 1762 1900; x_wconf 89' lang='lat' dir='ltr'><strong>in</strong></span> <span class='ocrx_word' id='word_1_121' title='bbox 1800 1823 2063 1925; x_wconf 86' lang='lat' dir='ltr'><strong>legibus</strong></span> <span class='ocrx_word' id='word_1_122' title='bbox 2110 1848 2232 1904; x_wconf 89' lang='lat' dir='ltr'><strong>aut</strong></span> <span class='ocrx_word' id='word_1_123' title='bbox 2281 1827 2437 1929; x_wconf 75' lang='lat' dir='ltr'><strong>ipsis</strong></span> <span class='ocrx_word' id='word_1_124' title='bbox 2477 1829 2827 1931; x_wconf 83' lang='lat' dir='ltr'><strong>antiquis,</strong></span> <span class='ocrx_word' id='word_1_125' title='bbox 2877 1848 3003 1905; x_wconf 90' lang='lat' dir='ltr'><strong>aut</strong></span> <span class='ocrx_word' id='word_1_126' title='bbox 3046 1853 3135 1904; x_wconf 79' lang='lat' dir='ltr'><strong>ex</strong></span> <span class='ocrx_word' id='word_1_127' title='bbox 3187 1825 3478 1926; x_wconf 87' lang='lat' dir='ltr'><strong>antiqua</strong></span> <span class='ocrx_word' id='word_1_128' title='bbox 3517 1822 3996 1902; x_wconf 84' lang='lat' dir='ltr'><strong>observatione</strong></span> <span class='ocrx_word' id='word_1_129' title='bbox 4044 1824 4312 1924; x_wconf 69' lang='lat' dir='ltr'><strong>duffls,</strong></span> 
     </span>
     <span class='ocr_line' id='line_1_14' title="bbox 1354 1925 4310 2033; baseline 0.002 -36"><span class='ocrx_word' id='word_1_130' title='bbox 1354 1946 1747 2033; x_wconf 81' lang='lat' dir='ltr'><strong>quarumve</strong></span> <span class='ocrx_word' id='word_1_131' title='bbox 1785 1927 1988 2024; x_wconf 89' lang='lat' dir='ltr'><strong>origo</strong></span> <span class='ocrx_word' id='word_1_132' title='bbox 2031 1926 2105 2004; x_wconf 81' lang='grc'><strong>8(</strong></span> <span class='ocrx_word' id='word_1_133' title='bbox 2142 1927 2519 2007; x_wconf 66' lang='grc' dir='ltr'><strong>αιιᾶοῐίῑειε</strong></span> <span class='ocrx_word' id='word_1_134' title='bbox 2566 1930 2960 2029; x_wconf 83' lang='lat' dir='ltr'><strong>ignoratur.</strong></span> <span class='ocrx_word' id='word_1_135' title='bbox 3015 1925 3398 2005; x_wconf 88' lang='lat' dir='ltr'><strong>Nonnulla</strong></span> <span class='ocrx_word' id='word_1_136' title='bbox 3433 1925 3648 2004; x_wconf 90' lang='lat' dir='ltr'><strong>etiam</strong></span> <span class='ocrx_word' id='word_1_137' title='bbox 3681 1925 3911 2027; x_wconf 86' lang='lat' dir='ltr'><strong>capita</strong></span> <span class='ocrx_word' id='word_1_138' title='bbox 3963 1952 4048 2003; x_wconf 71' lang='lat' dir='ltr'><strong>ex</strong></span> <span class='ocrx_word' id='word_1_139' title='bbox 4087 1925 4310 2004; x_wconf 78' lang='lat' dir='ltr'><strong>mixto</strong></span> 
     </span>
     <span class='ocr_line' id='line_1_15' title="bbox 1352 2022 4242 2134; baseline 0.003 -36"><span class='ocrx_word' id='word_1_140' title='bbox 1352 2048 1522 2116; x_wconf 68' lang='lat' dir='ltr'><strong>yure</strong></span> <span class='ocrx_word' id='word_1_141' title='bbox 1564 2022 1699 2105; x_wconf 72' lang='lat' dir='ltr'><strong>esse</strong></span> <span class='ocrx_word' id='word_1_142' title='bbox 1736 2025 2103 2130; x_wconf 80' lang='lat' dir='ltr'><strong>dicuntur,</strong></span> <span class='ocrx_word' id='word_1_143' title='bbox 2147 2029 2285 2108; x_wconf 84' lang='lat' dir='ltr'><strong>hoc</strong></span> <span class='ocrx_word' id='word_1_144' title='bbox 2346 2029 2488 2129; x_wconf 85' lang='lat' dir='ltr'><strong>est,</strong></span> <span class='ocrx_word' id='word_1_145' title='bbox 2552 2049 2711 2110; x_wconf 86' lang='lat' dir='ltr'><strong>tum</strong></span> <span class='ocrx_word' id='word_1_146' title='bbox 2763 2058 2806 2111; x_wconf 87' lang='lat' dir='ltr'><strong>e</strong></span> <span class='ocrx_word' id='word_1_147' title='bbox 2862 2029 3175 2134; x_wconf 75' lang='lat' dir='ltr'><strong>legibuS,</strong></span> <span class='ocrx_word' id='word_1_148' title='bbox 3225 2047 3386 2107; x_wconf 87' lang='lat' dir='ltr'><strong>tum</strong></span> <span class='ocrx_word' id='word_1_149' title='bbox 3441 2052 3481 2106; x_wconf 87' lang='lat' dir='ltr'><strong>e</strong></span> <span class='ocrx_word' id='word_1_150' title='bbox 3544 2027 3853 2106; x_wconf 88' lang='lat' dir='ltr'><strong>moribus</strong></span> <span class='ocrx_word' id='word_1_151' title='bbox 3898 2026 4242 2108; x_wconf 65' lang='lat' dir='ltr'><strong>extitisse.</strong></span> 
     </span>
    </p>
   </div>
   <div class='ocr_carea' id='block_1_5' title="bbox 3967 2201 4226 2309">
    <p class='ocr_par' dir='ltr' id='par_1_5' title="bbox 3967 2201 4226 2309">
     <span class='ocr_line' id='line_1_16' title="bbox 3967 2201 4226 2309; baseline 0.004 -1"><span class='ocrx_word' id='word_1_152' title='bbox 3967 2201 3972 2204; x_wconf 75' lang='grc'><strong>’</strong></span> <span class='ocrx_word' id='word_1_153' title='bbox 4067 2231 4226 2309; x_wconf 80' lang='lat' dir='ltr'><strong>Lt-</strong></span> 
     </span>
    </p>
   </div>
   <div class='ocr_carea' id='block_1_6' title="bbox 1350 3047 3920 3256">
    <p class='ocr_par' dir='ltr' id='par_1_6' title="bbox 1350 3047 3920 3256">
     <span class='ocr_line' id='line_1_17' title="bbox 1368 3047 3920 3155; baseline 0.004 -39"><span class='ocrx_word' id='word_1_154' title='bbox 1368 3051 1485 3149; x_wconf 71' lang='grc' dir='ltr'><strong>[ε]</strong></span> <span class='ocrx_word' id='word_1_155' title='bbox 1524 3054 1649 3133; x_wconf 86' lang='lat' dir='ltr'><strong>Qui</strong></span> <span class='ocrx_word' id='word_1_156' title='bbox 1701 3057 1899 3141; x_wconf 84' lang='lat' dir='ltr'><strong>volet,</strong></span> <span class='ocrx_word' id='word_1_157' title='bbox 1960 3070 2129 3155; x_wconf 78' lang='lat' dir='ltr'><strong>petet</strong></span> <span class='ocrx_word' id='word_1_158' title='bbox 2181 3078 2218 3124; x_wconf 82' lang='lat' dir='ltr'><strong>e</strong></span> <span class='ocrx_word' id='word_1_159' title='bbox 2269 3063 2524 3130; x_wconf 68' lang='lat' dir='ltr'><strong>Richter-1⁶</strong></span> <span class='ocrx_word' id='word_1_160' title='bbox 2578 3057 2664 3128; x_wconf 87' lang='lat' dir='ltr'><strong>V.</strong></span> <span class='ocrx_word' id='word_1_161' title='bbox 2715 3057 2820 3132; x_wconf 81' lang='lat'>111.</span> <span class='ocrx_word' id='word_1_162' title='bbox 2870 3055 2981 3149; x_wconf 79' lang='lat' dir='ltr'><strong>[f]</strong></span> <span class='ocrx_word' id='word_1_163' title='bbox 3023 3063 3214 3131; x_wconf 72' lang='lat' dir='ltr'><strong>Pauli.</strong></span> <span class='ocrx_word' id='word_1_164' title='bbox 3251 3065 3384 3129; x_wconf 77' lang='lat' dir='ltr'><strong>Rec.</strong></span> <span class='ocrx_word' id='word_1_165' title='bbox 3427 3062 3580 3129; x_wconf 75' lang='lat' dir='ltr'><strong>Sem.</strong></span> <span class='ocrx_word' id='word_1_166' title='bbox 3618 3059 3712 3128; x_wconf 70' lang='lat' dir='ltr'><strong>V.</strong></span> <span class='ocrx_word' id='word_1_167' title='bbox 3739 3047 3820 3139; x_wconf 66' lang='grc'><strong>’4.</strong></span> <span class='ocrx_word' id='word_1_168' title='bbox 3853 3058 3920 3127; x_wconf 72' lang='lat'><strong>60</strong></span> 
     </span>
     <span class='ocr_line' id='line_1_18' title="bbox 1350 3081 2851 3256; baseline 0.007 -49"><span class='ocrx_word' id='word_1_169' title='bbox 1350 3200 1367 3239; x_wconf 7' lang='grc' dir='ltr'><strong>,ἶ</strong></span> <span class='ocrx_word' id='word_1_170' title='bbox 1446 3155 1577 3214; x_wconf 79' lang='lat' dir='ltr'><strong>Jam</strong></span> <span class='ocrx_word' id='word_1_171' title='bbox 1612 3138 1854 3209; x_wconf 81' lang='lat' dir='ltr'><strong>laudata</strong></span> <span class='ocrx_word' id='word_1_172' title='bbox 1890 3162 2133 3229; x_wconf 74' lang='lat' dir='ltr'><strong>egregia</strong></span> <span class='ocrx_word' id='word_1_173' title='bbox 2169 3142 2550 3256; x_wconf 58' lang='lat' dir='ltr'><strong>Diffinqeione</strong></span> <span class='ocrx_word' id='word_1_174' title='bbox 2568 3164 2640 3234; x_wconf 74' lang='lat' dir='ltr'><strong>p·</strong></span> <span class='ocrx_word' id='word_1_175' title='bbox 2681 3168 2784 3216; x_wconf 71' lang='grc' dir='ltr'><strong>υ.</strong></span> <span class='ocrx_word' id='word_1_176' title='bbox 2835 3081 2851 3235; x_wconf 72' lang='lat' dir='ltr'><strong>l</strong></span> 
     </span>
    </p>
   </div>
   <div class='ocr_carea' id='block_1_7' title="bbox 2683 3530 2704 3567">
    <p class='ocr_par' dir='ltr' id='par_1_7' title="bbox 2683 3530 2704 3567">
     <span class='ocr_line' id='line_1_19' title="bbox 2683 3530 2704 3567; baseline 0 0"><span class='ocrx_word' id='word_1_177' title='bbox 2683 3530 2704 3567; x_wconf 72' lang='lat' dir='ltr'><em>l</em></span> 
     </span>
    </p>
   </div>
   <div class='ocr_carea' id='block_1_8' title="bbox 4417 2337 4458 2355">
    <p class='ocr_par' dir='ltr' id='par_1_8' title="bbox 4417 2337 4458 2355">
     <span class='ocr_line' id='line_1_20' title="bbox 4417 2337 4458 2355; baseline 0 -11"><span class='ocrx_word' id='word_1_178' title='bbox 4417 2337 4458 2355; x_wconf 72' lang='grc'><strong>,,,</strong></span> 
     </span>
    </p>
   </div>
  </div>
 </body>
</html>
