4702 6338
3108 485 3257 576 147

1312 652 2061 778 LIBER
2190 655 2432 776 ΙΙΙ.

384 891 393 900 ·
1767 872 1848 949 D
1900 871 1969 948 E

531 1050 2400 1211 JURISPRUDENTIA
2563 1051 3192 1246 NOVA

1506 1424 1583 1503 C
1633 1426 1706 1503 A
1760 1427 1816 1502 P
1869 1424 1947 1503 U
1998 1426 2074 1505 T
2179 1428 2238 1505 1.

262 1619 279 1637 ¹
364 1857 373 1864 ‚
458 1610 1975 1871 JURISPRUDENTffi
2099 1714 2323 1832 AB
2449 1674 3303 1834 AUGUSTO

1130 1909 1524 2017 usqu!
1568 1929 1724 2000 AD
1769 1930 2534 2003 HADRIANUM
2576 1977 2639 2005 ..

1459 2199 2274 2308 SECTiot

1236 2413 1438 2546 De
1510 2409 1870 2552 Statu
1943 2412 2409 2598 publico
2446 2519 2478 2554 .

1742 2668 1814 2772 ς.
1918 2672 1981 2752 L

575 2871 1016 2974 Ngredimur
1058 2895 1311 2953 eorum
1344 2891 1746 2976 temporum
1789 2871 2170 2973 historiam,
2222 2874 2473 2978 quibus
2529 2873 2800 2954 summa
2847 2900 3074 2957 rerum
3109 2880 3199 2961 ad
3272 2909 3346 2963 u-
3463 2861 3470 2866 ’

385 2871 541 3214 Ι
599 3001 823 3075 num,
871 2978 1169 3058 Senatus
1226 2975 1608 3092 populique
1682 2976 2177 3055 Romanorum
2246 2975 2620 3074 consensu,
2687 2978 2918 3057 venit.
2989 2982 3102 3059 Ea
3151 2984 3346 3065 enim

601 3098 760 3163 tum
811 3077 1314 3182 rempublicam
1348 3076 1687 3158 invaserat
1724 3077 2154 3180 corruptela,
2223 3104 2438 3184 quam
2471 3078 2679 3180 longe
2732 3100 2895 3158 ante
2976 3081 3343 3188 prospexe-

604 3203 711 3259 rat
764 3181 1099 3283 Polybius
1156 3178 1340 3279 [a],
1397 3181 1966 3283 praedixeratque
2011 3177 2201 3278 fore,
2251 3202 2328 3258 ut
2372 3182 2768 3260 libertatem
2830 3185 3126 3286 amplius
3168 3184 3344 3267 ferre

385 3284 692 3383 corrupti
739 3308 966 3362 mores
1003 3308 1146 3361 non
1286 3280 1457 3365 ssent
1478 3340 1504 3380 ‚
1555 3280 1666 3360 sed
1719 3280 1977 3363 neceffe
2012 3281 2223 3381 esset,
2272 3283 2516 3365 omnia
2566 3284 2652 3361 ad
2702 3310 2920 3361 unum
2960 3285 3343 3367 transferri.
3444 3282 3461 3296 ⁶

380 3385 740 3486 Quamvis
785 3410 998 3480 vern,
1064 3409 1104 3461 a
1311 3382 1571 3462 [ariano
1609 3384 1769 3463 inde
1838 3385 2408 3487 Pompeianoque
2473 3384 2660 3465 bello
2711 3385 2800 3464 ad
2853 3388 3156 3488 Augusti
3201 3386 3346 3469 sere

378 3486 757 3591 septimum
813 3483 1288 3565 Consulatum
1309 3544 1335 3582 ,
1385 3485 1702 3569 Libertas
1758 3484 2002 3589 populi
2059 3487 2375 3565 Romani
2434 3486 2627 3589 quasi
2681 3487 2980 3565 moriens
3047 3489 3342 3569 reluffla-

380 3609 461 3668 ta
490 3588 656 3669 effet
693 3588 1154 3691 principatui,
1208 3586 1489 3666 tandem
1522 3607 1759 3666 tamen
1795 3586 2032 3667 cedere
2079 3587 2325 3667 coaffla
2370 3587 2466 3666 est
2485 3646 2508 3684 ,
2551 3586 2863 3687 vitaque
2913 3616 3078 3667 cum
3103 3591 3339 3690 gemi-

379 3714 469 3770 tu
494 3689 711 3791 fugit
741 3688 1132 3788 indignata
1147 3685 1288 3783 sub
1331 3692 1648 3769 umbras,
1694 3689 1917 3789 Quod
1969 3715 2113 3791 qua
2169 3688 2361 3792 quali
2412 3688 2605 3767 lenta
2676 3690 2839 3768 tabe
2861 3747 2887 3786 ‚
2957 3690 3342 3803 quibusque

383 3792 755 3895 gradibus,
801 3789 1068 3875 saelum
1102 3790 1230 3887 fit,
1279 3791 1461 3874 libro
1516 3788 1840 3893 superiori
1896 3789 2361 3869 ostendimus.
2411 3792 2527 3867 Ac
2569 3788 2712 3893 ipsa
2755 3792 3098 3890 remedia,
3153 3821 3344 3896 quae

381 3895 641 3973 morbo
690 3893 1230 3988 adhibebantur,
1275 3890 1567 3977 salutem
1598 3892 2041 3971 minuebant.
2101 3891 2535 3993 Principatus
2595 3911 2835 3968 autem
2903 3895 3104 3971 unius
3158 3894 3344 3976 haud

384 3996 649 4093 dubie,
697 3996 772 4081 8,(
803 3994 942 4074 fine
982 3993 1490 4073 retraclationis
1556 3992 1708 4096 spe,
1764 3992 2179 4071 constitutus
2233 3992 2329 4071 est
2380 3989 2524 4092 [b]
2604 3989 2899 4093 septimo
2956 3994 3342 4075 Ofiaviani

389 4096 714 4179 Caesaris
759 4095 1118 4181 consulatu
1191 4095 1366 4197 [c],
1408 4120 1557 4198 quo
1614 4095 1678 4173 ei
1722 4119 1981 4175 nomen
2052 4091 2406 4191 Auguste}
2453 4119 2547 4171 ex
2601 4093 2940 4171 sententia
3010 4094 3342 4176 Munatii

391 4200 683 4299 Planci,
752 4224 797 4278 a
841 4201 1105 4278 Senatu
1141 4195 1517 4302 ceterisque
1547 4195 1936 4378 civibusTa.
1968 4195 2035 4276 d.
2108 4194 2319 4272 XVI.
2391 4194 2556 4272 Kal.
2622 4193 2826 4274 Pebr.
2897 4194 3161 4397 datu&
3193 4197 3341 4277 est.

1945 4327 1988 4378 2
3148 4322 3242 4377 uo

425 4604 508 4769 Z}
543 4606 735 4752 {gisebr-
757 4606 1242 4771 1iigvsosmireteres
1284 4687 1595 4778 auclara,
1657 4684 1835 4747 initia
1964 4604 2289 4747 gssibntiru?
2305 4618 2559 4777 (2333ss
2592 4603 3138 4777 {ag-ggffiffiffise
3162 4622 3341 4750 mtldiz

466 4772 705 4853 imperii
757 4769 1009 4849 Augusti
1059 4767 1326 4832 Caesaris
1372 4766 1789 4830 constituentes
1812 4808 1831 4845 ‚
1962 4786 2027 4830 v.
2092 4764 2193 4826 Ill.
2240 4768 2445 4826 Retter.
2494 4764 2567 4826 ad
2621 4768 2874 4827 Heaemcc.
2914 4762 3063 4842 Hzss.
3155 4787 3239 4829 ur.
3279 4766 3338 4830 1.

464 4872 583 4913 non
636 4853 987 4929 convenire,
1021 4849 1144 4921 jam
1184 4850 1355 4932 supra
1404 4847 1534 4911 Lib.
1578 4847 1667 4910 ΙΙ.
1717 4864 1833 4929 cap.
1971 4867 2108 4927 159.

474 4951 527 4993 1.
569 4930 628 5008 §.
666 4932 779 4995 ult.
819 4932 1126 4995 docuimus
1176 4952 1239 4993 v.
1286 4931 1473 4993 etiam
1516 4930 1664 5011 Pagi
1688 4926 1835 5005 Diff.
1886 4924 2004 5012 [c]
2046 4924 2322 5004 Censorin.
2377 4924 2450 4985 de
2497 4926 2590 4988 die
2642 4942 2757 4987 nat.
2803 4947 2853 4988 c.
2909 4945 3008 4988 21.
3059 4924 3144 4999 εἴ.
3192 4927 3344 5013 Pagi

468 5014 683 5094 Hypat.
737 5015 811 5076 Ρ.
856 5013 982 5076 111.
1034 5033 1081 5076 c.
1130 5031 1186 5091 3.
1249 5010 1307 5090 §.
1358 5030 1415 5091 3.
1453 5026 1520 5093 p.
1574 5032 1653 5072 m.
1697 5029 1834 5089 330.
1970 5007 2117 5086 Dtff.
2160 5011 2372 5091 Hypat.
2415 5010 2492 5072 Ρ.
2542 5007 2635 5070 11.
2673 5028 2724 5070 c.
2778 5026 2836 5089 3.
2880 5005 2941 5084 §.
2977 5026 3037 5074 1.
