<?xml version="1.0" encoding="UTF-8"?>
<!DOCTYPE html PUBLIC "-//W3C//DTD XHTML 1.0 Transitional//EN"
    "http://www.w3.org/TR/xhtml1/DTD/xhtml1-transitional.dtd">
<html xmlns="http://www.w3.org/1999/xhtml" xml:lang="en" lang="en">
 <head>
  <title>
</title>
<meta http-equiv="Content-Type" content="text/html;charset=utf-8" />
  <meta name='ocr-system' content='tesseract 3.04.00' />
  <meta name='ocr-capabilities' content='ocr_page ocr_carea ocr_par ocr_line ocrx_word'/>
</head>
<body>
  <div class='ocr_page' id='page_1' title='image "./joaugustibachii00bachgoog_0371.png"; bbox 0 0 4702 6338; ppageno 0'>
   <div class='ocr_carea' id='block_1_1' title="bbox 1435 224 1480 232">
    <p class='ocr_par' dir='ltr' id='par_1_1' title="bbox 1435 224 1480 232">
     <span class='ocr_line' id='line_1_1' title="bbox 1435 224 1480 232; baseline 0 0"><span class='ocrx_word' id='word_1_1' title='bbox 1435 224 1480 232; x_wconf 49' lang='lat' dir='ltr'><em>a</em></span> 
     </span>
    </p>
   </div>
   <div class='ocr_carea' id='block_1_2' title="bbox 1015 418 3276 529">
    <p class='ocr_par' dir='ltr' id='par_1_2' title="bbox 1015 418 3276 529">
     <span class='ocr_line' id='line_1_2' title="bbox 1015 418 3276 529; baseline -0.002 -19"><span class='ocrx_word' id='word_1_2' title='bbox 1015 421 1472 510; x_wconf 59' lang='lat' dir='ltr'>revocatione</span> <span class='ocrx_word' id='word_1_3' title='bbox 1517 421 1596 505; x_wconf 78' lang='lat' dir='ltr'>in</span> <span class='ocrx_word' id='word_1_4' title='bbox 1645 420 1850 521; x_wconf 74' lang='lat' dir='ltr'>ufhm</span> <span class='ocrx_word' id='word_1_5' title='bbox 1902 418 2006 504; x_wconf 61' lang='grc' dir='ltr'>(θ’</span> <span class='ocrx_word' id='word_1_6' title='bbox 2031 420 2319 520; x_wconf 64' lang='lat' dir='ltr'>scholas</span> <span class='ocrx_word' id='word_1_7' title='bbox 2353 419 2433 500; x_wconf 69' lang='lat' dir='ltr'>in</span> <span class='ocrx_word' id='word_1_8' title='bbox 2479 421 2717 502; x_wconf 71' lang='lat' dir='ltr'>occid.</span> <span class='ocrx_word' id='word_1_9' title='bbox 3135 433 3276 529; x_wconf 80' lang='lat'>361</span> 
     </span>
    </p>
   </div>
   <div class='ocr_carea' id='block_1_3' title="bbox 410 599 3394 860">
    <p class='ocr_par' dir='ltr' id='par_1_3' title="bbox 410 599 3394 892">
     <span class='ocr_line' id='line_1_3' title="bbox 410 599 3394 700; baseline -0.001 -4"><span class='ocrx_word' id='word_1_10' title='bbox 410 599 3394 700; x_wconf 48' lang='lat' dir='ltr'>mmmmm</span> 
     </span>
     <span class='ocr_line' id='line_1_4' title="bbox 1289 711 3357 860; baseline -0.002 -2"><span class='ocrx_word' id='word_1_11' title='bbox 1289 773 2546 860; x_wconf 78' lang='lat' dir='ltr'>CAPUTm.</span> <span class='ocrx_word' id='word_1_12' title='bbox 3356 711 3357 716; x_wconf 5' lang='grc' dir='ltr'>Ὺ</span> 
     </span>
    </p>
   </div>
   <div class='ocr_carea' id='block_1_4' title="bbox 415 968 3382 1352">
    <p class='ocr_par' dir='ltr' id='par_1_4' title="bbox 415 968 3382 1352">
     <span class='ocr_line' id='line_1_5' title="bbox 1691 968 2013 1050; baseline -0.006 0"><span class='ocrx_word' id='word_1_13' title='bbox 1691 970 1773 1050; x_wconf 90' lang='lat' dir='ltr'>D</span> <span class='ocrx_word' id='word_1_14' title='bbox 1943 968 2013 1048; x_wconf 85' lang='lat' dir='ltr'><strong>E</strong></span> 
     </span>
     <span class='ocr_line' id='line_1_6' title="bbox 415 1066 3382 1352; baseline 0.001 -80"><span class='ocrx_word' id='word_1_15' title='bbox 415 1066 873 1293; x_wconf 69' lang='lat' dir='ltr'>unus</span> <span class='ocrx_word' id='word_1_16' title='bbox 934 1138 2026 1300; x_wconf 84' lang='lat' dir='ltr'>JUSTINIANEI</span> <span class='ocrx_word' id='word_1_17' title='bbox 2083 1073 3382 1352; x_wconf 70' lang='lat' dir='ltr'>REvocA‘rroNE</span> 
     </span>
    </p>
   </div>
   <div class='ocr_carea' id='block_1_5' title="bbox 936 1370 2859 1654">
    <p class='ocr_par' dir='ltr' id='par_1_5' title="bbox 936 1370 2859 1654">
     <span class='ocr_line' id='line_1_7' title="bbox 1818 1370 1974 1444; baseline -0.006 0"><span class='ocrx_word' id='word_1_18' title='bbox 1818 1370 1853 1444; x_wconf 90' lang='lat'>1</span> <span class='ocrx_word' id='word_1_19' title='bbox 1902 1371 1974 1443; x_wconf 89' lang='lat' dir='ltr'>N</span> 
     </span>
     <span class='ocr_line' id='line_1_8' title="bbox 936 1562 2859 1654; baseline -0.002 -2"><span class='ocrx_word' id='word_1_20' title='bbox 936 1567 1269 1654; x_wconf 90' lang='lat' dir='ltr'>USUM</span> <span class='ocrx_word' id='word_1_21' title='bbox 1333 1568 1494 1651; x_wconf 90' lang='lat' dir='ltr'>ET</span> <span class='ocrx_word' id='word_1_22' title='bbox 1551 1562 2071 1650; x_wconf 83' lang='lat' dir='ltr'>SCHOLAS</span> <span class='ocrx_word' id='word_1_23' title='bbox 2135 1563 2859 1649; x_wconf 79' lang='lat' dir='ltr'>OCCIDENTIS</span> 
     </span>
    </p>
   </div>
   <div class='ocr_carea' id='block_1_6' title="bbox 1316 1884 2482 1966">
    <p class='ocr_par' dir='ltr' id='par_1_6' title="bbox 1316 1884 2482 1966">
     <span class='ocr_line' id='line_1_9' title="bbox 1316 1884 2482 1966; baseline -0.005 0"><span class='ocrx_word' id='word_1_24' title='bbox 1316 1884 2213 1966; x_wconf 91' lang='lat' dir='ltr'><strong>SECTIO</strong></span> <span class='ocrx_word' id='word_1_25' title='bbox 2423 1884 2482 1966; x_wconf 89' lang='lat'>1.</span> 
     </span>
    </p>
   </div>
   <div class='ocr_carea' id='block_1_7' title="bbox 1774 2063 2013 2167">
    <p class='ocr_par' dir='ltr' id='par_1_7' title="bbox 1774 2063 2013 2167">
     <span class='ocr_line' id='line_1_10' title="bbox 1774 2063 2013 2167; baseline -0.004 -23"><span class='ocrx_word' id='word_1_26' title='bbox 1774 2063 1841 2167; x_wconf 59' lang='grc' dir='ltr'>ς.</span> <span class='ocrx_word' id='word_1_27' title='bbox 1948 2064 2013 2144; x_wconf 92' lang='lat'>1.</span> 
     </span>
    </p>
   </div>
   <div class='ocr_carea' id='block_1_8' title="bbox 416 2265 3378 2471">
    <p class='ocr_par' dir='ltr' id='par_1_8' title="bbox 416 2265 3378 2471">
     <span class='ocr_line' id='line_1_11' title="bbox 416 2265 3373 2458; baseline 0 -110"><span class='ocrx_word' id='word_1_28' title='bbox 416 2266 594 2458; x_wconf 85' lang='lat' dir='ltr'>C</span> <span class='ocrx_word' id='word_1_29' title='bbox 622 2266 777 2348; x_wconf 88' lang='lat' dir='ltr'>Um</span> <span class='ocrx_word' id='word_1_30' title='bbox 828 2269 1039 2372; x_wconf 82' lang='lat' dir='ltr'>igitur</span> <span class='ocrx_word' id='word_1_31' title='bbox 1088 2270 1162 2349; x_wconf 90' lang='lat' dir='ltr'>in</span> <span class='ocrx_word' id='word_1_32' title='bbox 1214 2270 1513 2350; x_wconf 83' lang='lat' dir='ltr'><strong>Oriente</strong></span> <span class='ocrx_word' id='word_1_33' title='bbox 1564 2267 2077 2372; x_wconf 78' lang='lat' dir='ltr'>poss&#39;effionibus</span> <span class='ocrx_word' id='word_1_34' title='bbox 2149 2266 2280 2345; x_wconf 87' lang='lat' dir='ltr'>suis</span> <span class='ocrx_word' id='word_1_35' title='bbox 2398 2266 2538 2346; x_wconf 81' lang='lat' dir='ltr'>uafi</span> <span class='ocrx_word' id='word_1_36' title='bbox 2589 2265 2857 2367; x_wconf 61' lang='lat' dir='ltr'>dejeRa</span> <span class='ocrx_word' id='word_1_37' title='bbox 2893 2324 2918 2363; x_wconf 87' lang='lat'>‚</span> <span class='ocrx_word' id='word_1_38' title='bbox 2983 2293 3065 2346; x_wconf 86' lang='lat' dir='ltr'>ac</span> <span class='ocrx_word' id='word_1_39' title='bbox 3134 2268 3373 2368; x_wconf 81' lang='lat' dir='ltr'>fugere</span> 
     </span>
     <span class='ocr_line' id='line_1_12' title="bbox 653 2367 3378 2471; baseline 0 -24"><span class='ocrx_word' id='word_1_40' title='bbox 653 2370 897 2449; x_wconf 62' lang='lat' dir='ltr'>coaessa</span> <span class='ocrx_word' id='word_1_41' title='bbox 926 2430 951 2469; x_wconf 87' lang='lat'>,</span> <span class='ocrx_word' id='word_1_42' title='bbox 1002 2398 1164 2450; x_wconf 89' lang='lat' dir='ltr'>cum</span> <span class='ocrx_word' id='word_1_43' title='bbox 1219 2373 1415 2450; x_wconf 90' lang='lat' dir='ltr'>omni</span> <span class='ocrx_word' id='word_1_44' title='bbox 1470 2368 1890 2471; x_wconf 62' lang='lat' dir='ltr'>supellee’tile</span> <span class='ocrx_word' id='word_1_45' title='bbox 1922 2426 1947 2465; x_wconf 84' lang='lat'>,</span> <span class='ocrx_word' id='word_1_46' title='bbox 1996 2367 2278 2448; x_wconf 84' lang='lat' dir='ltr'>cesfiffet</span> <span class='ocrx_word' id='word_1_47' title='bbox 2415 2368 2912 2471; x_wconf 84' lang='lat' dir='ltr'>urisprudentia</span> <span class='ocrx_word' id='word_1_48' title='bbox 2952 2426 2979 2466; x_wconf 85' lang='lat'>‚</span> <span class='ocrx_word' id='word_1_49' title='bbox 3062 2389 3378 2448; x_wconf 88' lang='lat' dir='ltr'>veterem</span> 
     </span>
    </p>
   </div>
   <div class='ocr_carea' id='block_1_9' title="bbox 411 2468 3388 3488">
    <p class='ocr_par' dir='ltr' id='par_1_9' title="bbox 411 2468 3388 2982">
     <span class='ocr_line' id='line_1_13' title="bbox 411 2468 3384 2574; baseline 0 -27"><span class='ocrx_word' id='word_1_50' title='bbox 411 2469 604 2548; x_wconf 86' lang='lat' dir='ltr'>suam</span> <span class='ocrx_word' id='word_1_51' title='bbox 660 2474 955 2574; x_wconf 86' lang='lat' dir='ltr'>patriam</span> <span class='ocrx_word' id='word_1_52' title='bbox 983 2531 1009 2571; x_wconf 90' lang='lat'>,</span> <span class='ocrx_word' id='word_1_53' title='bbox 1065 2474 1341 2558; x_wconf 81' lang='lat' dir='ltr'>Italiam</span> <span class='ocrx_word' id='word_1_54' title='bbox 1399 2529 1425 2569; x_wconf 90' lang='lat'>,</span> <span class='ocrx_word' id='word_1_55' title='bbox 1479 2471 1597 2548; x_wconf 90' lang='lat' dir='ltr'>ubi</span> <span class='ocrx_word' id='word_1_56' title='bbox 1653 2491 1819 2549; x_wconf 87' lang='lat' dir='ltr'>nata</span> <span class='ocrx_word' id='word_1_57' title='bbox 1852 2528 1877 2566; x_wconf 81' lang='lat'>,</span> <span class='ocrx_word' id='word_1_58' title='bbox 1930 2468 2002 2546; x_wconf 89' lang='grc'>8(</span> <span class='ocrx_word' id='word_1_59' title='bbox 2054 2470 2345 2548; x_wconf 85' lang='lat' dir='ltr'>educata</span> <span class='ocrx_word' id='word_1_60' title='bbox 2380 2527 2406 2567; x_wconf 90' lang='lat'>,</span> <span class='ocrx_word' id='word_1_61' title='bbox 2479 2468 2553 2547; x_wconf 99' lang='grc'>8(</span> <span class='ocrx_word' id='word_1_62' title='bbox 2616 2472 2865 2548; x_wconf 87' lang='lat' dir='ltr'>dotata</span> <span class='ocrx_word' id='word_1_63' title='bbox 2899 2526 2925 2566; x_wconf 90' lang='lat'>,</span> <span class='ocrx_word' id='word_1_64' title='bbox 2991 2469 3328 2574; x_wconf 84' lang='lat' dir='ltr'>repetiiffe</span> <span class='ocrx_word' id='word_1_65' title='bbox 3354 2528 3384 2570; x_wconf 87' lang='lat'>‚</span> 
     </span>
     <span class='ocr_line' id='line_1_14' title="bbox 416 2569 3387 2678; baseline -0 -29"><span class='ocrx_word' id='word_1_66' title='bbox 416 2592 497 2649; x_wconf 90' lang='lat' dir='ltr'>ut</span> <span class='ocrx_word' id='word_1_67' title='bbox 547 2574 918 2678; x_wconf 87' lang='lat' dir='ltr'>antiquum</span> <span class='ocrx_word' id='word_1_68' title='bbox 1018 2574 1472 2652; x_wconf 86' lang='lat' dir='ltr'>atrimonium</span> <span class='ocrx_word' id='word_1_69' title='bbox 1528 2628 1556 2667; x_wconf 87' lang='lat'>,</span> <span class='ocrx_word' id='word_1_70' title='bbox 1635 2591 1842 2651; x_wconf 85' lang='lat' dir='ltr'>antea</span> <span class='ocrx_word' id='word_1_71' title='bbox 1893 2571 2402 2672; x_wconf 88' lang='lat' dir='ltr'>propemodum</span> <span class='ocrx_word' id='word_1_72' title='bbox 2452 2570 2794 2648; x_wconf 89' lang='lat' dir='ltr'>desertum</span> <span class='ocrx_word' id='word_1_73' title='bbox 2870 2569 2942 2648; x_wconf 86' lang='grc'>8(</span> <span class='ocrx_word' id='word_1_74' title='bbox 2995 2571 3387 2669; x_wconf 82' lang='lat' dir='ltr'>incultum,</span> 
     </span>
     <span class='ocr_line' id='line_1_15' title="bbox 425 2671 3379 2777; baseline 0 -27"><span class='ocrx_word' id='word_1_75' title='bbox 425 2674 806 2776; x_wconf 79' lang='lat' dir='ltr'>recoleret,</span> <span class='ocrx_word' id='word_1_76' title='bbox 887 2675 960 2752; x_wconf 89' lang='lat' dir='ltr'>vi</span> <span class='ocrx_word' id='word_1_77' title='bbox 991 2700 1034 2752; x_wconf 88' lang='lat' dir='ltr'>a</span> <span class='ocrx_word' id='word_1_78' title='bbox 1083 2674 1198 2751; x_wconf 67' lang='lat' dir='ltr'>&#39;est</span> <span class='ocrx_word' id='word_1_79' title='bbox 1244 2730 1263 2749; x_wconf 89' lang='lat'><strong>.</strong></span> <span class='ocrx_word' id='word_1_80' title='bbox 1352 2675 1463 2749; x_wconf 90' lang='lat' dir='ltr'>Ac</span> <span class='ocrx_word' id='word_1_81' title='bbox 1537 2671 1807 2749; x_wconf 82' lang='lat' dir='ltr'>tametfi</span> <span class='ocrx_word' id='word_1_82' title='bbox 1865 2729 1892 2767; x_wconf 78' lang='lat'>,</span> <span class='ocrx_word' id='word_1_83' title='bbox 1958 2672 2084 2773; x_wconf 90' lang='lat' dir='ltr'>qui</span> <span class='ocrx_word' id='word_1_84' title='bbox 2156 2673 2342 2760; x_wconf 83' lang='lat' dir='ltr'>illius</span> <span class='ocrx_word' id='word_1_85' title='bbox 2421 2673 2790 2777; x_wconf 88' lang='lat' dir='ltr'>antiquum</span> <span class='ocrx_word' id='word_1_86' title='bbox 2870 2673 3379 2773; x_wconf 81' lang='lat' dir='ltr'>patrimonium</span> 
     </span>
     <span class='ocr_line' id='line_1_16' title="bbox 414 2771 3388 2878; baseline -0 -27"><span class='ocrx_word' id='word_1_87' title='bbox 414 2775 722 2852; x_wconf 85' lang='lat' dir='ltr'>colerent</span> <span class='ocrx_word' id='word_1_88' title='bbox 759 2832 784 2871; x_wconf 88' lang='lat'>,</span> <span class='ocrx_word' id='word_1_89' title='bbox 827 2775 1024 2877; x_wconf 81' lang='lat' dir='ltr'>quast</span> <span class='ocrx_word' id='word_1_90' title='bbox 1077 2774 1362 2853; x_wconf 89' lang='lat' dir='ltr'>colonos</span> <span class='ocrx_word' id='word_1_91' title='bbox 1398 2830 1424 2870; x_wconf 90' lang='lat'>,</span> <span class='ocrx_word' id='word_1_92' title='bbox 1499 2772 1571 2850; x_wconf 90' lang='grc'>8(</span> <span class='ocrx_word' id='word_1_93' title='bbox 1624 2771 2206 2878; x_wconf 85' lang='lat' dir='ltr'>administratores</span> <span class='ocrx_word' id='word_1_94' title='bbox 2314 2771 2598 2852; x_wconf 86' lang='lat' dir='ltr'>uosdam</span> <span class='ocrx_word' id='word_1_95' title='bbox 2666 2771 2930 2874; x_wconf 88' lang='lat' dir='ltr'>semper</span> <span class='ocrx_word' id='word_1_96' title='bbox 2997 2773 3239 2852; x_wconf 87' lang='lat' dir='ltr'>habuit</span> <span class='ocrx_word' id='word_1_97' title='bbox 3310 2774 3388 2850; x_wconf 90' lang='lat' dir='ltr'>in</span> 
     </span>
     <span class='ocr_line' id='line_1_17' title="bbox 421 2800 3384 2982; baseline 0 -30"><span class='ocrx_word' id='word_1_98' title='bbox 421 2876 630 2953; x_wconf 88' lang='lat' dir='ltr'>Italia</span> <span class='ocrx_word' id='word_1_99' title='bbox 662 2901 698 2982; x_wconf 74' lang='lat'>3.</span> <span class='ocrx_word' id='word_1_100' title='bbox 774 2874 1019 2957; x_wconf 88' lang='lat' dir='ltr'>senfim</span> <span class='ocrx_word' id='word_1_101' title='bbox 1093 2875 1596 2978; x_wconf 83' lang='lat' dir='ltr'>paullatimque</span> <span class='ocrx_word' id='word_1_102' title='bbox 1650 2895 1886 2952; x_wconf 89' lang='lat' dir='ltr'>tamen</span> <span class='ocrx_word' id='word_1_103' title='bbox 1942 2800 2355 2975; x_wconf 68' lang='lat' dir='ltr'>negligendo</span> <span class='ocrx_word' id='word_1_104' title='bbox 2407 2873 2841 2978; x_wconf 76' lang='lat' dir='ltr'>posseffiones</span> <span class='ocrx_word' id='word_1_105' title='bbox 2860 2893 3154 2971; x_wconf 76' lang='lat' dir='ltr'>vetereS,</span> <span class='ocrx_word' id='word_1_106' title='bbox 3205 2893 3384 2952; x_wconf 88' lang='lat' dir='ltr'>tem-</span> 
     </span>
    </p>

    <p class='ocr_par' dir='ltr' id='par_1_10' title="bbox 413 2975 3386 3488">
     <span class='ocr_line' id='line_1_18' title="bbox 512 2975 3384 3076; baseline 0.001 -23"><span class='ocrx_word' id='word_1_107' title='bbox 512 3000 666 3072; x_wconf 84' lang='lat' dir='ltr'>rum</span> <span class='ocrx_word' id='word_1_108' title='bbox 712 2976 931 3055; x_wconf 86' lang='lat' dir='ltr'>etiam</span> <span class='ocrx_word' id='word_1_109' title='bbox 979 2976 1532 3070; x_wconf 82' lang='lat' dir='ltr'>calamitatibus,</span> <span class='ocrx_word' id='word_1_110' title='bbox 1582 2976 1685 3052; x_wconf 86' lang='lat' dir='ltr'>ita</span> <span class='ocrx_word' id='word_1_111' title='bbox 1737 2975 2149 3056; x_wconf 69' lang='lat' dir='ltr'>imminutus</span> <span class='ocrx_word' id='word_1_112' title='bbox 2198 3001 2362 3076; x_wconf 86' lang='lat' dir='ltr'>ager</span> <span class='ocrx_word' id='word_1_113' title='bbox 2412 2996 2560 3055; x_wconf 90' lang='lat' dir='ltr'>erat</span> <span class='ocrx_word' id='word_1_114' title='bbox 2610 3032 2637 3073; x_wconf 85' lang='lat'>‚</span> <span class='ocrx_word' id='word_1_115' title='bbox 2689 2994 2770 3053; x_wconf 90' lang='lat' dir='ltr'>ut</span> <span class='ocrx_word' id='word_1_116' title='bbox 2826 2999 3077 3076; x_wconf 86' lang='lat' dir='ltr'>parvus</span> <span class='ocrx_word' id='word_1_117' title='bbox 3134 2975 3384 3056; x_wconf 86' lang='lat' dir='ltr'>modus</span> 
     </span>
     <span class='ocr_line' id='line_1_19' title="bbox 443 3075 3386 3178; baseline 0.001 -23"><span class='ocrx_word' id='word_1_118' title='bbox 443 3075 821 3177; x_wconf 85' lang='lat' dir='ltr'>upereffet,</span> <span class='ocrx_word' id='word_1_119' title='bbox 897 3076 970 3158; x_wconf 90' lang='grc'>8(</span> <span class='ocrx_word' id='word_1_120' title='bbox 1039 3077 1126 3156; x_wconf 82' lang='lat' dir='ltr'>ad</span> <span class='ocrx_word' id='word_1_121' title='bbox 1175 3097 1446 3155; x_wconf 90' lang='lat' dir='ltr'>tantam</span> <span class='ocrx_word' id='word_1_122' title='bbox 1501 3075 1931 3156; x_wconf 86' lang='lat' dir='ltr'>sterilitatem</span> <span class='ocrx_word' id='word_1_123' title='bbox 1998 3076 2333 3156; x_wconf 64' lang='lat' dir='ltr'>addufi&#39;tus</span> <span class='ocrx_word' id='word_1_124' title='bbox 2378 3135 2405 3175; x_wconf 87' lang='lat'>,</span> <span class='ocrx_word' id='word_1_125' title='bbox 2473 3097 2550 3155; x_wconf 93' lang='lat' dir='ltr'>ut</span> <span class='ocrx_word' id='word_1_126' title='bbox 2676 3076 3136 3178; x_wconf 87' lang='lat' dir='ltr'>ropemodum</span> <span class='ocrx_word' id='word_1_127' title='bbox 3207 3078 3386 3157; x_wconf 87' lang='lat' dir='ltr'>nihil</span> 
     </span>
     <span class='ocr_line' id='line_1_20' title="bbox 413 3102 3384 3281; baseline 0.001 -25"><span class='ocrx_word' id='word_1_128' title='bbox 413 3174 772 3256; x_wconf 57' lang='lat' dir='ltr'>fructuum</span> <span class='ocrx_word' id='word_1_129' title='bbox 819 3205 907 3256; x_wconf 80' lang='lat' dir='ltr'>ex</span> <span class='ocrx_word' id='word_1_130' title='bbox 942 3176 1072 3257; x_wconf 92' lang='lat' dir='ltr'>sese</span> <span class='ocrx_word' id='word_1_131' title='bbox 1123 3178 1387 3258; x_wconf 86' lang='lat' dir='ltr'>efferret</span> <span class='ocrx_word' id='word_1_132' title='bbox 1419 3236 1439 3257; x_wconf 89' lang='lat'><strong>.</strong></span> <span class='ocrx_word' id='word_1_133' title='bbox 1495 3180 1699 3258; x_wconf 87' lang='lat' dir='ltr'>Cum</span> <span class='ocrx_word' id='word_1_134' title='bbox 1755 3204 1925 3258; x_wconf 90' lang='lat' dir='ltr'>vero</span> <span class='ocrx_word' id='word_1_135' title='bbox 1991 3206 2076 3257; x_wconf 80' lang='lat' dir='ltr'>ex</span> <span class='ocrx_word' id='word_1_136' title='bbox 2134 3182 2431 3258; x_wconf 85' lang='lat' dir='ltr'>Oriente</span> <span class='ocrx_word' id='word_1_137' title='bbox 2485 3102 2676 3281; x_wconf 56' lang='lat' dir='ltr'>pulig</span> <span class='ocrx_word' id='word_1_138' title='bbox 2727 3203 2888 3256; x_wconf 88' lang='lat' dir='ltr'>cum</span> <span class='ocrx_word' id='word_1_139' title='bbox 2970 3179 3169 3257; x_wconf 88' lang='lat' dir='ltr'>bonis</span> <span class='ocrx_word' id='word_1_140' title='bbox 3220 3180 3384 3259; x_wconf 80' lang='lat' dir='ltr'>arti-</span> 
     </span>
     <span class='ocr_line' id='line_1_21' title="bbox 413 3277 3369 3385; baseline 0.002 -31"><span class='ocrx_word' id='word_1_141' title='bbox 413 3277 537 3355; x_wconf 89' lang='lat' dir='ltr'>bus</span> <span class='ocrx_word' id='word_1_142' title='bbox 589 3282 924 3359; x_wconf 87' lang='lat' dir='ltr'>omnibus</span> <span class='ocrx_word' id='word_1_143' title='bbox 975 3280 1306 3377; x_wconf 65' lang='lat' dir='ltr'>rediisset,</span> <span class='ocrx_word' id='word_1_144' title='bbox 1358 3303 1513 3358; x_wconf 89' lang='lat' dir='ltr'>tum</span> <span class='ocrx_word' id='word_1_145' title='bbox 1566 3307 1734 3359; x_wconf 91' lang='lat' dir='ltr'>vero</span> <span class='ocrx_word' id='word_1_146' title='bbox 1773 3303 2080 3359; x_wconf 86' lang='lat' dir='ltr'>veterem</span> <span class='ocrx_word' id='word_1_147' title='bbox 2136 3282 2433 3384; x_wconf 87' lang='lat' dir='ltr'>recipere</span> <span class='ocrx_word' id='word_1_148' title='bbox 2482 3280 2900 3381; x_wconf 86' lang='lat' dir='ltr'>dignitatem</span> <span class='ocrx_word' id='word_1_149' title='bbox 2958 3302 3174 3384; x_wconf 84' lang='lat' dir='ltr'>atque</span> <span class='ocrx_word' id='word_1_150' title='bbox 3244 3306 3369 3385; x_wconf 85' lang='lat' dir='ltr'>po-</span> 
     </span>
     <span class='ocr_line' id='line_1_22' title="bbox 413 3379 2994 3488; baseline 0.001 -31"><span class='ocrx_word' id='word_1_151' title='bbox 413 3379 714 3457; x_wconf 77' lang='lat' dir='ltr'>tentiam</span> <span class='ocrx_word' id='word_1_152' title='bbox 766 3383 949 3484; x_wconf 81' lang='lat' dir='ltr'>cepit</span> <span class='ocrx_word' id='word_1_153' title='bbox 986 3389 1022 3459; x_wconf 84' lang='lat'>&#39;.</span> <span class='ocrx_word' id='word_1_154' title='bbox 1073 3382 1210 3460; x_wconf 89' lang='lat' dir='ltr'>Sed</span> <span class='ocrx_word' id='word_1_155' title='bbox 1284 3379 1564 3486; x_wconf 80' lang='lat' dir='ltr'>preffius</span> <span class='ocrx_word' id='word_1_156' title='bbox 1614 3404 1826 3487; x_wconf 87' lang='lat' dir='ltr'>atque</span> <span class='ocrx_word' id='word_1_157' title='bbox 1873 3383 2274 3488; x_wconf 85' lang='lat' dir='ltr'>diligentius</span> <span class='ocrx_word' id='word_1_158' title='bbox 2329 3409 2477 3463; x_wconf 88' lang='lat' dir='ltr'>rem</span> <span class='ocrx_word' id='word_1_159' title='bbox 2527 3406 2994 3487; x_wconf 79' lang='lat' dir='ltr'>exponemus,</span> 
     </span>
    </p>
   </div>
   <div class='ocr_carea' id='block_1_10' title="bbox 1715 3563 2012 3693">
    <p class='ocr_par' dir='ltr' id='par_1_11' title="bbox 1715 3563 2012 3693">
     <span class='ocr_line' id='line_1_23' title="bbox 1715 3563 2012 3693; baseline 0.003 -51"><span class='ocrx_word' id='word_1_160' title='bbox 1715 3690 1718 3693; x_wconf 15' lang='grc' dir='ltr'>Ι</span> <span class='ocrx_word' id='word_1_161' title='bbox 1787 3563 1856 3664; x_wconf 80' lang='lat'>§.</span> <span class='ocrx_word' id='word_1_162' title='bbox 1914 3566 2012 3643; x_wconf 87' lang='lat'>11.</span> 
     </span>
    </p>
   </div>
   <div class='ocr_carea' id='block_1_11' title="bbox 403 3741 3384 4555">
    <p class='ocr_par' dir='ltr' id='par_1_12' title="bbox 403 3741 3384 4555">
     <span class='ocr_line' id='line_1_24' title="bbox 515 3741 3381 3846; baseline 0.002 -24"><span class='ocrx_word' id='word_1_163' title='bbox 515 3745 601 3824; x_wconf 88' lang='lat' dir='ltr'>In</span> <span class='ocrx_word' id='word_1_164' title='bbox 652 3744 1041 3825; x_wconf 85' lang='lat' dir='ltr'>Occidente</span> <span class='ocrx_word' id='word_1_165' title='bbox 1068 3802 1096 3842; x_wconf 86' lang='lat'>,</span> <span class='ocrx_word' id='word_1_166' title='bbox 1145 3758 1224 3823; x_wconf 84' lang='lat' dir='ltr'>ut</span> <span class='ocrx_word' id='word_1_167' title='bbox 1280 3741 1480 3846; x_wconf 85' lang='lat' dir='ltr'>supra</span> <span class='ocrx_word' id='word_1_168' title='bbox 1532 3743 1937 3823; x_wconf 82' lang='lat' dir='ltr'>tradidimus</span> <span class='ocrx_word' id='word_1_169' title='bbox 1967 3804 1992 3843; x_wconf 85' lang='lat'>,</span> <span class='ocrx_word' id='word_1_170' title='bbox 2163 3745 2217 3823; x_wconf 90' lang='lat' dir='ltr'>st</span> <span class='ocrx_word' id='word_1_171' title='bbox 2273 3747 2657 3825; x_wconf 83' lang='lat' dir='ltr'>Theodosii</span> <span class='ocrx_word' id='word_1_172' title='bbox 2717 3747 3002 3846; x_wconf 86' lang='lat' dir='ltr'>junioris</span> <span class='ocrx_word' id='word_1_173' title='bbox 3056 3769 3207 3828; x_wconf 88' lang='lat' dir='ltr'>tem</span> <span class='ocrx_word' id='word_1_174' title='bbox 3305 3764 3381 3828; x_wconf 78' lang='lat' dir='ltr'>r&#39;a</span> 
     </span>
     <span class='ocr_line' id='line_1_25' title="bbox 412 3770 3380 3951; baseline 0.001 -24"><span class='ocrx_word' id='word_1_175' title='bbox 412 3848 706 3928; x_wconf 87' lang='lat' dir='ltr'>Codicis</span> <span class='ocrx_word' id='word_1_176' title='bbox 780 3847 1211 3951; x_wconf 85' lang='lat' dir='ltr'>potiffimum</span> <span class='ocrx_word' id='word_1_177' title='bbox 1264 3846 1734 3925; x_wconf 83' lang='lat' dir='ltr'>Theodofiani</span> <span class='ocrx_word' id='word_1_178' title='bbox 1773 3905 1798 3944; x_wconf 85' lang='lat'>,</span> <span class='ocrx_word' id='word_1_179' title='bbox 1869 3847 1940 3925; x_wconf 91' lang='grc'>8(</span> <span class='ocrx_word' id='word_1_180' title='bbox 1993 3770 2374 3924; x_wconf 60' lang='lat' dir='ltr'>Affriciani</span> <span class='ocrx_word' id='word_1_181' title='bbox 2432 3849 2808 3926; x_wconf 59' lang='lat' dir='ltr'>auctoritas</span> <span class='ocrx_word' id='word_1_182' title='bbox 2889 3876 3142 3948; x_wconf 83' lang='lat' dir='ltr'>magna</span> <span class='ocrx_word' id='word_1_183' title='bbox 3233 3853 3380 3949; x_wconf 83' lang='lat' dir='ltr'>uit,</span> 
     </span>
     <span class='ocr_line' id='line_1_26' title="bbox 412 3942 3384 4053; baseline 0 -26"><span class='ocrx_word' id='word_1_184' title='bbox 412 3950 673 4050; x_wconf 85' lang='lat' dir='ltr'>diuque</span> <span class='ocrx_word' id='word_1_185' title='bbox 726 3949 1019 4053; x_wconf 85' lang='lat' dir='ltr'>perstitit</span> <span class='ocrx_word' id='word_1_186' title='bbox 1071 4006 1092 4026; x_wconf 90' lang='lat'><strong>.</strong></span> <span class='ocrx_word' id='word_1_187' title='bbox 1179 3942 1454 4053; x_wconf 46' lang='lat' dir='ltr'>Neque*</span> <span class='ocrx_word' id='word_1_188' title='bbox 1508 3974 1678 4026; x_wconf 90' lang='lat' dir='ltr'>vero</span> <span class='ocrx_word' id='word_1_189' title='bbox 1729 3949 1912 4049; x_wconf 84' lang='lat' dir='ltr'>Juris</span> <span class='ocrx_word' id='word_1_190' title='bbox 1979 3950 2382 4049; x_wconf 87' lang='lat' dir='ltr'>Justinianei</span> <span class='ocrx_word' id='word_1_191' title='bbox 2452 3948 2601 4025; x_wconf 82' lang='lat' dir='ltr'>usus</span> <span class='ocrx_word' id='word_1_192' title='bbox 2677 3948 2748 4025; x_wconf 88' lang='lat' dir='ltr'>in</span> <span class='ocrx_word' id='word_1_193' title='bbox 2822 3952 3208 4050; x_wconf 87' lang='lat' dir='ltr'>provincias</span> <span class='ocrx_word' id='word_1_194' title='bbox 3244 4011 3269 4047; x_wconf 83' lang='lat'>,</span> <span class='ocrx_word' id='word_1_195' title='bbox 3339 3977 3384 4028; x_wconf 85' lang='lat' dir='ltr'>a</span> 
     </span>
     <span class='ocr_line' id='line_1_27' title="bbox 415 4049 3380 4152; baseline 0.001 -25"><span class='ocrx_word' id='word_1_196' title='bbox 415 4050 710 4130; x_wconf 83' lang='lat' dir='ltr'>barbaris</span> <span class='ocrx_word' id='word_1_197' title='bbox 779 4071 1148 4152; x_wconf 84' lang='lat' dir='ltr'>occupatas</span> <span class='ocrx_word' id='word_1_198' title='bbox 1180 4081 1224 4147; x_wconf 86' lang='lat'>‚·</span> <span class='ocrx_word' id='word_1_199' title='bbox 1256 4076 1362 4127; x_wconf 85' lang='lat' dir='ltr'>ac·</span> <span class='ocrx_word' id='word_1_200' title='bbox 1389 4049 1697 4152; x_wconf 81' lang='lat' dir='ltr'>poss&#39;ess&#39;as</span> <span class='ocrx_word' id='word_1_201' title='bbox 1735 4109 1760 4146; x_wconf 78' lang='lat'>,</span> <span class='ocrx_word' id='word_1_202' title='bbox 1807 4050 2039 4128; x_wconf 89' lang='lat' dir='ltr'>induci</span> <span class='ocrx_word' id='word_1_203' title='bbox 2095 4052 2326 4150; x_wconf 83' lang='lat' dir='ltr'>potuit</span> <span class='ocrx_word' id='word_1_204' title='bbox 2365 4109 2385 4127; x_wconf 89' lang='lat'><strong>.</strong></span> <span class='ocrx_word' id='word_1_205' title='bbox 2441 4051 2684 4127; x_wconf 83' lang='lat' dir='ltr'>Solam</span> <span class='ocrx_word' id='word_1_206' title='bbox 2742 4052 3021 4126; x_wconf 76' lang='lat' dir='ltr'>Italiam</span> <span class='ocrx_word' id='word_1_207' title='bbox 3066 4051 3138 4128; x_wconf 93' lang='grc'>8(</span> <span class='ocrx_word' id='word_1_208' title='bbox 3191 4050 3380 4129; x_wconf 82' lang='lat' dir='ltr'>Afri-</span> 
     </span>
     <span class='ocr_line' id='line_1_28' title="bbox 412 4150 3381 4254; baseline 0.001 -26"><span class='ocrx_word' id='word_1_209' title='bbox 412 4175 609 4248; x_wconf 83' lang='lat' dir='ltr'>cam,</span> <span class='ocrx_word' id='word_1_210' title='bbox 679 4154 976 4230; x_wconf 83' lang='lat' dir='ltr'>barbaris</span> <span class='ocrx_word' id='word_1_211' title='bbox 1028 4174 1292 4253; x_wconf 87' lang='lat' dir='ltr'>ereptas</span> <span class='ocrx_word' id='word_1_212' title='bbox 1324 4209 1349 4248; x_wconf 85' lang='lat'>,</span> <span class='ocrx_word' id='word_1_213' title='bbox 1402 4151 1822 4249; x_wconf 87' lang='lat' dir='ltr'>Justinianus</span> <span class='ocrx_word' id='word_1_214' title='bbox 1873 4153 2226 4254; x_wconf 76' lang='lat' dir='ltr'>corporiS,</span> <span class='ocrx_word' id='word_1_215' title='bbox 2277 4178 2318 4228; x_wconf 92' lang='lat' dir='ltr'>a</span> <span class='ocrx_word' id='word_1_216' title='bbox 2372 4150 2434 4228; x_wconf 91' lang='lat' dir='ltr'>se</span> <span class='ocrx_word' id='word_1_217' title='bbox 2486 4152 2712 4246; x_wconf 87' lang='lat' dir='ltr'>editi,</span> <span class='ocrx_word' id='word_1_218' title='bbox 2792 4150 3186 4230; x_wconf 76' lang='lat' dir='ltr'>necestitate</span> <span class='ocrx_word' id='word_1_219' title='bbox 3257 4152 3381 4230; x_wconf 91' lang='lat' dir='ltr'>ob-</span> 
     </span>
     <span class='ocr_line' id='line_1_29' title="bbox 405 4249 3381 4352; baseline 0 -20"><span class='ocrx_word' id='word_1_220' title='bbox 405 4252 685 4332; x_wconf 83' lang='lat' dir='ltr'>strinxit</span> <span class='ocrx_word' id='word_1_221' title='bbox 721 4310 745 4331; x_wconf 87' lang='lat'><strong>.</strong></span> <span class='ocrx_word' id='word_1_222' title='bbox 832 4254 913 4329; x_wconf 89' lang='lat' dir='ltr'>In</span> <span class='ocrx_word' id='word_1_223' title='bbox 967 4249 1212 4330; x_wconf 86' lang='lat' dir='ltr'>Africa</span> <span class='ocrx_word' id='word_1_224' title='bbox 1245 4311 1269 4349; x_wconf 88' lang='lat'>,</span> <span class='ocrx_word' id='word_1_225' title='bbox 1337 4254 1426 4329; x_wconf 90' lang='lat' dir='ltr'>ab</span> <span class='ocrx_word' id='word_1_226' title='bbox 1479 4254 1830 4332; x_wconf 85' lang='lat' dir='ltr'>Saracenis</span> <span class='ocrx_word' id='word_1_227' title='bbox 1881 4253 2115 4331; x_wconf 82' lang='lat' dir='ltr'>inseffa</span> <span class='ocrx_word' id='word_1_228' title='bbox 2156 4313 2181 4350; x_wconf 87' lang='lat'>,</span> <span class='ocrx_word' id='word_1_229' title='bbox 2235 4256 2339 4352; x_wconf 89' lang='lat' dir='ltr'>jus</span> <span class='ocrx_word' id='word_1_230' title='bbox 2393 4252 2948 4351; x_wconf 83' lang='lat' dir='ltr'>Justinianeum,</span> <span class='ocrx_word' id='word_1_231' title='bbox 3026 4277 3165 4330; x_wconf 88' lang='lat' dir='ltr'>una</span> <span class='ocrx_word' id='word_1_232' title='bbox 3215 4279 3381 4332; x_wconf 87' lang='lat' dir='ltr'>cum</span> 
     </span>
     <span class='ocr_line' id='line_1_30' title="bbox 409 4354 3381 4467; baseline 0.001 -36"><span class='ocrx_word' id='word_1_233' title='bbox 409 4354 707 4456; x_wconf 89' lang='lat' dir='ltr'>imperio</span> <span class='ocrx_word' id='word_1_234' title='bbox 758 4355 1292 4450; x_wconf 82' lang='lat' dir='ltr'>Romanorum,</span> <span class='ocrx_word' id='word_1_235' title='bbox 1345 4354 1745 4467; x_wconf 79' lang='lat' dir='ltr'>posseffione</span> <span class='ocrx_word' id='word_1_236' title='bbox 1798 4355 1916 4433; x_wconf 85' lang='lat' dir='ltr'>sua</span> <span class='ocrx_word' id='word_1_237' title='bbox 2015 4358 2206 4433; x_wconf 90' lang='lat' dir='ltr'>aullo</span> <span class='ocrx_word' id='word_1_238' title='bbox 2260 4355 2411 4458; x_wconf 89' lang='lat' dir='ltr'>post</span> <span class='ocrx_word' id='word_1_239' title='bbox 2464 4355 2721 4434; x_wconf 87' lang='lat' dir='ltr'>excidit</span> <span class='ocrx_word' id='word_1_240' title='bbox 2769 4412 2790 4433; x_wconf 87' lang='lat'><strong>.</strong></span> <span class='ocrx_word' id='word_1_241' title='bbox 2865 4356 2947 4431; x_wconf 92' lang='lat' dir='ltr'>ln</span> <span class='ocrx_word' id='word_1_242' title='bbox 3005 4355 3212 4433; x_wconf 88' lang='lat' dir='ltr'>Italia</span> <span class='ocrx_word' id='word_1_243' title='bbox 3263 4380 3381 4433; x_wconf 85' lang='lat' dir='ltr'>ve-</span> 
     </span>
     <span class='ocr_line' id='line_1_31' title="bbox 403 4453 3376 4555; baseline 0 -23"><span class='ocrx_word' id='word_1_244' title='bbox 403 4479 707 4533; x_wconf 73' lang='lat' dir='ltr'>ro-curn</span> <span class='ocrx_word' id='word_1_245' title='bbox 764 4456 1204 4554; x_wconf 83' lang='lat' dir='ltr'>Langobardi</span> <span class='ocrx_word' id='word_1_246' title='bbox 1257 4455 1642 4534; x_wconf 72' lang='lat' dir='ltr'>iniedissent</span> <span class='ocrx_word' id='word_1_247' title='bbox 1673 4515 1701 4553; x_wconf 85' lang='lat'>,</span> <span class='ocrx_word' id='word_1_248' title='bbox 1749 4483 1893 4535; x_wconf 89' lang='lat' dir='ltr'>non</span> <span class='ocrx_word' id='word_1_249' title='bbox 1974 4457 2169 4535; x_wconf 88' lang='lat' dir='ltr'>olum</span> <span class='ocrx_word' id='word_1_250' title='bbox 2224 4458 2297 4535; x_wconf 90' lang='lat' dir='ltr'>in</span> <span class='ocrx_word' id='word_1_251' title='bbox 2350 4457 2755 4536; x_wconf 84' lang='lat' dir='ltr'>Exarchatu</span> <span class='ocrx_word' id='word_1_252' title='bbox 2793 4515 2819 4555; x_wconf 88' lang='lat'>‚</span> <span class='ocrx_word' id='word_1_253' title='bbox 2872 4453 2982 4534; x_wconf 90' lang='lat' dir='ltr'>sed</span> <span class='ocrx_word' id='word_1_254' title='bbox 3033 4456 3248 4534; x_wconf 84' lang='lat' dir='ltr'>etiam</span> <span class='ocrx_word' id='word_1_255' title='bbox 3303 4455 3376 4533; x_wconf 91' lang='lat' dir='ltr'>in</span> 
     </span>
    </p>
   </div>
   <div class='ocr_carea' id='block_1_12' title="bbox 277 4557 3377 4673">
    <p class='ocr_par' dir='ltr' id='par_1_13' title="bbox 277 4557 3377 4673">
     <span class='ocr_line' id='line_1_32' title="bbox 277 4557 3377 4673; baseline 0.002 -40"><span class='ocrx_word' id='word_1_256' title='bbox 277 4617 282 4625; x_wconf 70' lang='grc'><strong><em>,</em></strong></span> <span class='ocrx_word' id='word_1_257' title='bbox 409 4558 678 4673; x_wconf 40' lang='grc' dir='ltr'>ιεῑεῑίε·</span> <span class='ocrx_word' id='word_1_258' title='bbox 702 4557 1072 4659; x_wconf 87' lang='lat' dir='ltr'>provinciis</span> <span class='ocrx_word' id='word_1_259' title='bbox 1119 4615 1144 4654; x_wconf 85' lang='lat'>,</span> <span class='ocrx_word' id='word_1_260' title='bbox 1212 4558 1834 4658; x_wconf 83' lang='lat' dir='ltr'>Langobardorum</span> <span class='ocrx_word' id='word_1_261' title='bbox 1884 4560 2349 4637; x_wconf 88' lang='lat' dir='ltr'>dominationi</span> <span class='ocrx_word' id='word_1_262' title='bbox 2413 4557 2729 4658; x_wconf 53' lang='lat' dir='ltr'>subjectis</span> <span class='ocrx_word' id='word_1_263' title='bbox 2782 4617 2807 4656; x_wconf 85' lang='lat'>,</span> <span class='ocrx_word' id='word_1_264' title='bbox 2882 4557 3377 4638; x_wconf 67' lang='lat' dir='ltr'>au&amp;odtatem</span> 
     </span>
    </p>
   </div>
   <div class='ocr_carea' id='block_1_13' title="bbox 393 4657 3376 4844">
    <p class='ocr_par' dir='ltr' id='par_1_14' title="bbox 393 4657 3376 4844">
     <span class='ocr_line' id='line_1_33' title="bbox 407 4657 3376 4840; baseline 0.002 -104"><span class='ocrx_word' id='word_1_265' title='bbox 407 4657 719 4736; x_wconf 83' lang='lat' dir='ltr'>obtinmt</span> <span class='ocrx_word' id='word_1_266' title='bbox 786 4657 975 4735; x_wconf 88' lang='lat' dir='ltr'>suam</span> <span class='ocrx_word' id='word_1_267' title='bbox 1024 4657 1178 4759; x_wconf 87' lang='lat' dir='ltr'>[a]</span> <span class='ocrx_word' id='word_1_268' title='bbox 1215 4715 1240 4756; x_wconf 83' lang='lat'><strong>,</strong></span> <span class='ocrx_word' id='word_1_269' title='bbox 1297 4681 1716 4777; x_wconf 79' lang='lat' dir='ltr'>propterea,</span> <span class='ocrx_word' id='word_1_270' title='bbox 1771 4661 1960 4840; x_wconf 44' lang='lat' dir='ltr'>qssod</span> <span class='ocrx_word' id='word_1_271' title='bbox 2003 4660 2076 4739; x_wconf 91' lang='grc'>8(</span> <span class='ocrx_word' id='word_1_272' title='bbox 2125 4661 2196 4739; x_wconf 89' lang='lat' dir='ltr'>hi</span> <span class='ocrx_word' id='word_1_273' title='bbox 2247 4661 2488 4767; x_wconf 81' lang='lat' dir='ltr'>populi</span> <span class='ocrx_word' id='word_1_274' title='bbox 2530 4704 2567 4759; x_wconf 31' lang='lat'>,*</span> <span class='ocrx_word' id='word_1_275' title='bbox 2607 4659 2696 4739; x_wconf 84' lang='lat' dir='ltr'>ad</span> <span class='ocrx_word' id='word_1_276' title='bbox 2746 4660 3145 4773; x_wconf 80' lang='lat' dir='ltr'>exemplum</span> <span class='ocrx_word' id='word_1_277' title='bbox 3198 4679 3376 4742; x_wconf 82' lang='lat' dir='ltr'>cete-</span> 
     </span>
     <span class='ocr_line' id='line_1_34' title="bbox 393 4783 3270 4844; baseline 0.001 -5"><span class='ocrx_word' id='word_1_278' title='bbox 393 4812 406 4817; x_wconf 85' lang='lat'>·</span> <span class='ocrx_word' id='word_1_279' title='bbox 1924 4787 1971 4841; x_wconf 84' lang='grc' dir='ltr'><strong>Ζ</strong></span> <span class='ocrx_word' id='word_1_280' title='bbox 2500 4834 2505 4839; x_wconf 90' lang='grc'><strong><em>.</em></strong></span> <span class='ocrx_word' id='word_1_281' title='bbox 3037 4783 3270 4844; x_wconf 66' lang='lat' dir='ltr'>rarum</span> 
     </span>
    </p>
   </div>
   <div class='ocr_carea' id='block_1_14' title="bbox 280 4910 2752 5049">
    <p class='ocr_par' dir='ltr' id='par_1_15' title="bbox 280 4910 2752 5049">
     <span class='ocr_line' id='line_1_35' title="bbox 280 4910 2752 5049; baseline 0.004 -29"><span class='ocrx_word' id='word_1_282' title='bbox 280 5044 286 5049; x_wconf 14' lang='grc' dir='ltr'><strong>μ</strong></span> <span class='ocrx_word' id='word_1_283' title='bbox 409 4955 529 5043; x_wconf 79' lang='lat' dir='ltr'>[a]</span> <span class='ocrx_word' id='word_1_284' title='bbox 574 4910 633 5027; x_wconf 39' lang='lat' dir='ltr'>v}</span> <span class='ocrx_word' id='word_1_285' title='bbox 675 4964 809 5045; x_wconf 80' lang='lat' dir='ltr'>Leg.</span> <span class='ocrx_word' id='word_1_286' title='bbox 859 4963 1202 5046; x_wconf 75' lang='lat' dir='ltr'>Langobard.</span> <span class='ocrx_word' id='word_1_287' title='bbox 1254 4963 1385 5029; x_wconf 77' lang='lat' dir='ltr'>Lib.</span> <span class='ocrx_word' id='word_1_288' title='bbox 1440 4966 1495 5029; x_wconf 91' lang='lat'>1.</span> <span class='ocrx_word' id='word_1_289' title='bbox 1534 4965 1622 5028; x_wconf 79' lang='lat' dir='ltr'>tit.</span> <span class='ocrx_word' id='word_1_290' title='bbox 1673 4986 1769 5047; x_wconf 77' lang='lat'>29.</span> <span class='ocrx_word' id='word_1_291' title='bbox 1820 4984 1874 5030; x_wconf 83' lang='lat'>1.</span> <span class='ocrx_word' id='word_1_292' title='bbox 1915 4966 2091 5033; x_wconf 67' lang='lat' dir='ltr'>tend.</span> <span class='ocrx_word' id='word_1_293' title='bbox 2135 4967 2193 5032; x_wconf 89' lang='lat'>1.</span> <span class='ocrx_word' id='word_1_294' title='bbox 2232 4965 2320 5035; x_wconf 73' lang='lat'>&lt;9-</span> <span class='ocrx_word' id='word_1_295' title='bbox 2371 4967 2464 5032; x_wconf 81' lang='lat'>11.</span> <span class='ocrx_word' id='word_1_296' title='bbox 2502 4966 2752 5031; x_wconf 59' lang='lat' dir='ltr'>raeda.</span> 
     </span>
    </p>
   </div>
  </div>
 </body>
</html>
