4702 6338
1449 417 1602 514 236
1991 385 2147 493 Lib.
2188 393 2310 492 [Π.
2340 420 2514 517 Cap.
2544 421 2634 526 II.
2667 423 2785 496 De
2805 424 2879 519 J
2880 395 3428 516 urisprudentia'
3457 441 3651 501 nova

1342 590 1466 670 vix
1519 587 1810 666 sedecim
1865 613 2206 666 annorum
2267 613 2473 691 puer.
2555 585 2938 686 Imperium
3002 603 3237 661 tamen
3291 584 3581 668 mirifica
3643 585 4090 687 integritate,
4115 597 4180 667 'c
4202 617 4324 670 on·-

1339 691 1644 767 tinentia
1673 749 1698 787 ,
1734 690 1832 780 ‚Sc
1895 688 2228 780 felicitate
2286 689 2539 784 etiam,
2599 685 2886 764 consilio
2944 684 3266 763 Misithei
3331 683 3540 763 soceri
3597 746 3623 783 ,
3705 714 3823 789 per
3898 689 4011 766 sex
4089 716 4319 771 annos

1341 791 1891 891 administravit3
1946 793 2123 890 Quo
2176 811 2506 885 mortuo,
2563 786 2816 865 infidiis
2879 795 2960 863 ac
3024 782 3260 862 fraude
3307 786 3540 887 Philip
3590 789 3612 866 i
3658 786 3996 870 Praefeffi
4034 793 4341 873 Praeto„

1346 893 1454 971 rio
1482 891 1626 992 ,ἃ
1686 893 1762 969 in
1820 890 2251 969 consortium
2297 889 2564 992 accepti
2614 947 2640 987 ,
2691 889 3099 966 interemtus
3175 887 3378 988 periit
3433 815 3587 986 [fff

2666 1067 2737 1170 ς.
2838 1069 3010 1146 xv,

1455 1254 1827 1334 Gordiano
1866 1215 2549 1358 occiso,‘imperium
2586 1277 2648 1329 a.
2678 1250 2892 1330 Urbis
2932 1249 3648 1329 DCCCCXCVII.
3678 1252 3855 1331 Chr.
3894 1254 4342 1340 CCXLIV.

1358 1355 1653 1459 suscepit
1710 1384 2104 1435 ratmrpus
2143 1416 2169 1454 ,
2224 1357 2494 1454 Arabs,
2544 1353 2668 1455 qui
2723 1356 2864 1451 jam
2928 1377 3091 1428 cum
3149 1352 3320 1428 vivo
3383 1354 3803 1451 Gordiano,
3871 1382 3990 1458 per
4057 1358 4321 1436 milites

1350 1479 1639 1536 extorto
1698 1459 2055 1536 consortio
2115 1459 2450 1562 imperii,
2512 1457 2780 1557 aliquot
2837 1451 3095 1530 menses
3153 1453 3407 1554 pariter
3460 1455 3920 1557 imperavisset
3971 1456 4159 1556 [g]:
4217 1460 4330 1536 Fi-

1349 1560 1527 1637 lium
1611 1558 1811 1637 suum
1890 1560 2074 1637 Phili
2125 1586 2297 1661 pum
2360 1556 2734 1636 Caesarem
2806 1554 2879 1631 8<
2959 1553 3411 1631 Tribuniciae
3473 1557 3829 1656 potestatis
3892 1558 4329 1659 consortem,

1244 1721 1259 1738 .
1352 1653 1782 1774 tandemque
1834 1664 2048 1761 Augu
2114 1687 2235 1737 um
2288 1658 2456 1738 fecit
2507 1655 2686 1758 [h].
2752 1656 2988 1735 Ludos
3041 1655 3407 1732 saeculares
3454 1681 3640 1734 anno
3703 1658 3917 1736 Urbis
3962 1660 4328 1739 millesimo

1344 1759 1511 1839 fecit
1602 1761 1734 1861 [t]
1795 1818 1816 1838 .
1896 1762 2380 1839 Christianum
2459 1758 2654 1837 fuisse
2735 1759 2955 1857 vulgo
3029 1756 3308 1833 tradunt
3390 1754 3535 1856 [k]
3566 1815 3586 1834 .
3644 1760 4026 1859 Imperavit
4111 1786 4325 1839 annos

1364 1864 1721 2039 quinque,
1776 1862 2142 1954 crudeliter
2191 1863 2263 1939 8<
2325 1886 2532 1938 avare
2577 1918 2597 1937 .
2672 1859 3029 1937 Seditione
3094 1856 3442 1955 militari,
3502 1875 3639 1935 una
3709 1885 3873 1937 cum
3926 1861 4115 1959 filio,
4150 1862 4322 1960 jussu

1392 1993 1414 2040 1

1416 1988 1505 2042 ve
1552 1962 1853 2094 impulsu
1918 1963 2193 2060 Decii,
2263 1962 2522 2040 occisus
2575 1960 2708 2161 esg.
2797 2060 2984 2138 XVI

1475 2272 1754 2323 Dacius
1814 2244 2195 2348 Imperium
2251 2243 2538 2347 arripuit
2607 2266 2795 2320 anno
2923 2299 2942 2319 .
2999 2241 3200 2319 MII.
3258 2239 3436 2319 Chr.
3498 2241 3925 2322 CCXLIX.
3981 2244 4054 2324 Is
4107 2247 4329 2327 nobili

1366 2346 1440 2424 in
1482 2349 1849 2424 Pannonia
1908 2371 2152 2446 genere
2198 2367 2392 2423 ortus
2429 2404 2455 2442 ,
2523 2344 2619 2421 rei
2679 2345 2768 2419 m'
2809 2343 2997 2420 'taris
3064 2342 3310 2443 peritia
3374 2344 3776 2423 consecutus
3833 2345 3985 2443 est,
4054 2368 4131 2425 ut
4185 2349 4329 2427 dux

1292 2519 1295 2522 ,
1371 2449 1719 2524 'exercitus
1776 2471 1817 2523 a
1876 2447 2208 2548 Philippo
2256 2444 2571 2522 adversus
2608 2445 2897 2521 Gothos
2957 2445 3405 2522 mitteretur:
3455 2445 3526 2521 in
3574 2471 3714 2548 qua
3757 2448 4248 2547 expeditione,
4286 2477 4332 2526 a

1357 2549 1724 2636 militibus·
1755 2550 2145 2649 Imperator
2208 2545 2542 2625 salutatus
2604 2545 2700 2622 est
2782 2544 2863 2644 [l
2879 2544 2967 2641 ]ε
3040 2543 3219 2621 filios
3261 2542 3416 2621 suos
3478 2547 3549 2622 in
3605 2547 3974 2646 collegium
4048 2550 4326 2651 imperii

1356 2647 1681 2727 adscivit.
1734 2649 2082 2726 Adversus
2134 2647 2570 2726 Christianos
2623 2648 2949 2723 acerrime
2987 2646 3227 2723 saeviit
3281 2644 3404 2743 [m
3430 2645 3500 2744 ]:
3556 2672 3717 2724 cum
3779 2650 4131 2748 ceteroqui
4185 2653 4329 2729 ani-

1350 2775 1475 2828 mo
1545 2775 1804 2850 magno
1863 2748 1936 2827 8<
1986 2748 2153 2827 forti
2185 2808 2209 2846 ,
2256 2774 2482 2850 neque
2531 2747 2821 2825 crudelis
2884 2748 3046 2824 effet
3093 2804 3112 2823 .
3169 2749 3252 2823 In
3317 2749 3584 2850 proelio
3644 2748 3960 2828 adversus
4008 2752 4326 2842 Gothos,

1357 2877 1497 2929 una
1560 2877 1722 2930 cum
1788 2850 1941 2930 filio
1995 2851 2202 2953 periit
2249 2908 2277 2949 ,
2329 2875 2518 2928 anno
2571 2848 2859 2952 imperii
2918 2845 3214 2929 secundo
3255 2906 3277 2927 .
3792 2951 3836 3053 §
3962 2954 4188 3032 XVII

1346 3143 1455 3239 ss]
1498 3156 1793 3239 Capitolin.
1839 3155 1949 3219 vit.
1981 3155 2242 3218 Gordian.
2281 3172 2402 3216 tert.
2441 3174 2488 3216 c.
2535 3171 2631 3233 31.
2685 3147 2798 3216 Ce—
2929 3150 3106 3217 Patet
3156 3153 3215 3217 id
3257 3175 3290 3218 e
3332 3154 3402 3218 L.
3448 3158 3506 3217 6.
3550 3160 3624 3219 C.
3667 3155 3746 3216 ad
3782 3154 4060 3219 exhibend.
4105 3180 4141 3221 a
4169 3157 4306 3235 Phi·

1376 3250 1385 3257 ·
1431 3255 1622 3300 terum
1690 3236 1881 3313 fuere,
1963 3237 2069 3320 qui
2141 3252 2398 3320 quatuor
2468 3235 2795 3310 Gordianos,
2925 3234 3092 3317 lippo
3146 3236 3286 3298 data
3325 3237 3416 3298 11.
3479 3236 3570 3299 ld.
3612 3241 3853 3299 Martias
3900 3242 4176 3321 Peregrina
4236 3241 4312 3303 (9·

1384 3363 1391 3373 .
1428 3318 1747 3380 ssatuerent
1784 3316 1980 3394 fuisse,
2029 3317 2305 3397 Princeps
2344 3315 2518 3385 huius
2571 3306 2796 3376 senten·
2925 3318 3234 3377 Aemiliano
3276 3314 3420 3395 Coffi
3477 3318 3540 3379 δι
3574 3339 3646 3380 ex
3687 3321 3760 3380 L.
3806 3321 3865 3381 6.
3908 3326 3980 3381 C.
4022 3323 4090 3381 de
4133 3322 4308 3383 collat.

1382 3398 1552 3460 ,tiae
1592 3398 1707 3459 suis
1729 3399 2060 3479 Angelonus,
2104 3397 2327 3472 Italus,
2363 3395 2516 3456 libro
2550 3395 2800 3473 fingula-
2926 3416 2964 3456 a
3026 3397 3335 3461 Gordiano
3394 3399 3556 3461 edita
3606 3399 3760 3461 v11.
3818 3400 3956 3462 Kal.
3999 3404 4160 3463 mii
4216 3403 4310 3464 iis·

1428 3478 1517 3539 ri:
1571 3478 1841 3541 adversus
1885 3499 2078 3560 quem⁴
2104 3478 2451 3557 opinionem
2493 3477 2796 3555 vulgarem
2927 3476 3061 3538 dem
3127 3477 3483 3543 Consulibus
3540 3501 3602 3544 v.
3649 3482 3798 3562 Pagi
3833 3482 3978 3542 Crit.
4026 3486 4164 3544 Bar.
4232 3482 4307 3543 ad

1386 3564 1403 3595 ‘³
1432 3556 1696 3620 defendit
1757 3559 2052 3634 Bellorius,
2100 3555 2406 3635 Angeloni
2456 3555 2797 3637 opinionem
2924 3578 2980 3617 a.
3024 3556 3162 3620 Chr.
3210 3560 3394 3637 244''
3609 3584 3620 3591 ·

1434 3640 1661 3699 recoxit
1710 3641 1809 3697 Du
1851 3643 1991 3716 Bos,
2022 3637 2184 3700 edito
2216 3637 2403 3712 libro,
2448 3637 2552 3719 qui
2600 3634 2799 3696 inscri-
2850 3635 2929 3791 fh
3015 3662 3076 3703 v.
3122 3642 3266 3721 Pagi
3306 3641 3346 3701 Ι.
3390 3662 3438 3703 c.
3482 3640 3544 3702 δι
3585 3641 3664 3702 ad
3700 3654 3755 3704 ὰ.
3785 3641 3924 3705 Chr.
3973 3661 4110 3722 247.

1425 3716 1619 3778 bitur:
1663 3718 1896 3795 Histoire
1918 3719 1987 3779 de
2024 3736 2210 3798 quatre
2258 3717 2551 3778 Gor-diens.
2616 3714 2799 3777 Paris.
2891 3722 2916 3780 i
3002 3741 3062 3783 v.
3108 3722 3253 3800 Pagi
3290 3720 3368 3780 ad
3404 3744 3459 3783 a.
3505 3720 3643 3783 Chr.
3692 3743 3831 3801 247.

1437 3802 1611 3874 1695.
1655 3798 1745 3863 Ei.
1783 3798 2079 3880 respondit
2110 3798 2304 3880 primo
2334 3797 2644 3858 Gallandus
2682 3798 2800 3859 edi·
2851 3798 2928 3880 [k
3014 3800 3220 3879 Negat
3262 3801 3321 3862 id
3367 3804 3575 3882 Pagiur
3612 3805 3757 3864 Crit.
3784 3808 3916 3865 Bar.
3963 3801 4003 3865 l.
4046 3826 4099 3866 c.
4144 3804 4309 3868 adfir-

1392 3878 1694 3959 ‘tolibro
1732 3879 1912 3942 Paris.
1960 3881 2133 3955 1696.
2173 3879 2387 3941 deinde
2411 3880 2596 3941 etiam
2627 3883 2802 3958 Cupe-
2932 3897 3079 3942 mat.
3124 3880 3421 3941 Tillemont
3469 3880 3616 3959 Hist.
3661 3887 3806 3965 Imp.
3851 3889 4015 3946 Rom.
4061 3888 4138 3946 T.
4185 3886 4307 3948 111.

1422 3979 1555 4018 rus:
1598 3958 1834 4037 Historia
1871 3961 2037 4021 trium
2069 3959 2493 4019 Gordianorum.
2534 3959 2806 4022 Daventr
2931 3964 3005 4021 P.
3052 3961 3141 4021 II.
3199 3962 3261 4022 in
3304 3962 3613 4024 Animadv.
3649 3982 3711 4046 p.
3756 3966 3896 4042 824.
3948 3964 4079 4058 J‘Jq.
4147 3966 4313 4029 Mul-

1386 4040 1605 4119 ·1697.
1661 4042 1758 4103 cui
1797 4041 2169 4113 objecit'Du
2222 4044 2329 4100 Bos
2376 4039 2563 4101 rursus
2613 4038 2804 4099 Vindi-
2934 4054 3063 4102 tum
3105 4062 3176 4104 ea
3215 4042 3288 4103 de
3329 4064 3389 4104 re
3433 4042 3764 4125 disputatur
3792 4046 3856 4106 in
3902 4046 4161 4128 epistolis
4199 4052 4311 4109 Cu-

1423 4122 1573 4181 ciaes.
1628 4120 1807 4184 Paris.
1865 4142 2039 4202 ¹70¹·
2080 4122 2156 4182 In
2199 4121 2406 4182 animo
2446 4119 2655 4181 habuit
2691 4124 2805 4179 Cu·
2923 4124 3068 4203 perii
3103 4122 3165 4184 &
3208 4123 3504 4205 sperlingii,
3528 4122 3821 4186 amoebaeis
3856 4126 3921 4187 in
3965 4127 4156 4188 Polem'
4177 4132 4219 4189 5
4289 4166 4313 4179 -

1416 4216 1612 4283 perus,
1658 4203 1718 4265 ἀ
1767 4202 1858 4265 his
1907 4202 2250 4285 respondere
2284 4200 2346 4262 δι
2404 4217 2596 4263 totam
2655 4198 2804 4260 hanc
2925 4203 3180 4282 plement.
3238 4204 3316 4263 ad
3370 4203 3634 4282 Thesaur.
3675 4224 3856 4265 utrum
3894 4229 3960 4267 ue
3996 4251 4013 4269 .
4074 4211 4150 4270 T.
4195 4209 4224 4271 1
4292 4251 4311 4271 .

1424 4284 1887 4349 controversiam
1935 4283 2293 4349 litterariam
2324 4303 2441 4345 uno
2469 4281 2622 4343 libro
2646 4300 2805 4343 corn·
2936 4282 3310 4360 Negantium
3361 4286 3567 4367 opinio
3663 4285 3863 4349 tobabi
3893 4288 3983 4350 ior
4036 4288 4116 4349 est
4157 4334 4176 4363 ‚
4243 4309 4316 4351 ea.

1423 4361 1601 4443 plefli
1648 4384 1708 4427 v.
1760 4366 1957 4445 Caper.
1993 4363 2159 4445 Epist.
2196 4363 2276 4423 ad
2313 4363 2512 4425 Cleric.
2557 4379 2620 4444 p.
2667 4361 2804 4441 348.
2936 4362 3320 4446 potiffimum·
3351 4366 3425 4428 de
3461 4385 3598 4428 cau
3624 4387 3660 4426 a
3698 4412 3716 4443 ‚
3780 4367 3939 4450 quod
4010 4367 4314 4450 scriptores

1398 4439 1523 4504 ·sed
1580 4460 1772 4505 morte
1847 4461 2198 4526 praeventus
2257 4444 2338 4506 est
2395 4442 2470 4506 cs.
2514 4441 2802 4525 spanhem.
2934 4443 3258 4508 Christiani
3308 4445 3423 4508 fide
3459 4444 3780 4523 dignissimi
3833 4448 4039 4510 dicunt
4075 4495 4094 4526 ,
4150 4450 4307 4512 Con·

1388 4521 1490 4580 *de
1532 4522 1729 4602 Ufi&
1777 4523 2273 4600 Praest.Numism.
2315 4528 2394 4587 T.
2440 4524 2531 4585 11.
2567 4540 2631 4605 p.
2666 4542 2802 4602 243.
2931 4524 3255 4589 ssantinum
3298 4525 3397 4588 M.
3457 4517 3718 4610 piitnum
3772 4524 3936 4612 spisse
3978 4529 4311 4612 Imperato-

1346 4598 1467 4682 [g]
1509 4604 1807 4695 capitolin.
1866 4603 2127 4665 Gordian.
2174 4604 2299 4666 111.
2356 4626 2407 4666 c.
2468 4622 2564 4680 29.
2614 4608 2803 4687 ‚Cum-
2932 4605 3060 4668 rerri
3087 4606 3529 4685 Christianum.
3671 4685 3676 4688 0

1474 4703 1546 4744 ue
1585 4700 1740 4749 inter
1782 4705 1879 4747 eos
1936 4705 2054 4747 non
2102 4685 2448 4748 conveniret
2476 4728 2496 4761 ‚
2556 4699 2804 4766 uterque
2891 4683 2955 4765 l]
3002 4685 3204 4764 Zosim.
3249 4686 3380 4750 Lib.
3427 4690 3482 4750 1.
3525 4691 3664 4750 Aur.
3706 4687 3902 4751 Vibior.

1396 4790 1406 4801 ·
1453 4764 1753 4842 eparatim
1792 4765 1976 4843 Leges
2018 4765 2247 4841 edidit,
2283 4764 2370 4828 sui
2408 4764 2582 4825 unius
2612 4766 2800 4825 nomi·
2891 4765 2990 4848 m]
3034 4787 3094 4831 v.
3151 4769 3300 4848 Pagi
3336 4772 3482 4830 Crit.
3526 4773 3659 4831 Bar.
3722 4770 3800 4829 ad
3836 4793 3929 4830 an.
3983 4768 4123 4831 chr.
4172 4791 4308 4850 205.

1427 4860 1502 4902 ne
1561 4844 1917 4927 praescripto
1962 4890 1981 4923 ,
2050 4865 2185 4908 cum
2253 4845 2481 4928 alioqui
2537 4844 2800 4923 collegae
2928 4848 2990 4911 δι
3050 4848 3365 4910 Tillemont.
3423 4848 3565 4925 Hist.
3633 4851 3778 4934 Imp.
3833 4853 4001 4915 Rom.
4058 4854 4138 4916 T.
4182 4852 4308 4917 III.

1426 4921 1790 5004 collegarum
1829 4927 2075 4989 nomina
2118 4925 2291 4995 fimnl
2329 4943 2799 5012 praeponerent.
2926 4931 3004 4993 P.
3048 4928 3140 4996 11.
3174 4945 3239 5014 p.
3282 4931 3421 5011 607.
3457 4929 3590 5011 sqq.
3807 4926 3810 4933 ⁴
