4702 6338
1124 443 1228 525 ab
1261 440 1579 545 Augusto
1609 441 1828 546 usquc
1866 444 1966 525 aa
2022 443 2512 532 Hadrianum.
3073 483 3113 536 2
3133 484 3226 557 17

1642 663 1645 664 ⁷
1740 625 1806 727 §.
1858 627 1956 705 ΙΙ.

478 803 679 884 Cum
729 802 1104 906 respublica
1130 864 1158 903 ,
1212 803 1286 882 8<
1315 862 1341 902 ‚
1387 831 1550 885 cum
1601 832 1683 884 ea
1736 806 1930 909 ipsa,
1964 811 2131 910 ‚jura
2178 835 2468 913 quoque
2529 812 2888 916 Legesque
2936 869 2963 913 ‚
3016 815 3108 895 ab
3177 821 3328 898 Au-

365 905 569 1006 gusto
634 925 912 983 mutata
975 909 1246 1009 effent3
1304 907 1560 1010 quippe
1621 908 1794 984 alius
1846 908 2058 988 status
2122 910 2259 989 alia
2322 916 2474 1012 jura
2535 912 2936 995 desideraret
2979 945 3002 995 ε
3066 919 3329 999 necess‘e

368 1027 517 1088 etat
571 1064 598 1103 ‚
627 1025 735 1086 :ut
792 1006 1317 1109 jurisprudentia
1359 1033 1655 1109 quoque
1705 1006 1848 1123 ipsa
1913 1008 2155 1090 eadem
2212 1009 2499 1092 fortuna
2557 1036 2876 1094 uteretur
2899 1074 2934 1114 ‚
2988 1021 3328 1099 mutatio·

361 1131 670 1211 nemque
732 1107 1039 1208 aliquam
1096 1107 1346 1186 subiret
1381 1164 1402 1183 .
1469 1110 1582 1185 Ac
1654 1132 1958 1210 pnmum
2035 1137 2198 1190 cum
2249 1115 2500 1192 veteris
2567 1117 2982 1218 reipublicae
3037 1119 3315 1198 sunula-

360 1208 496 1286 cris
563 1208 829 1311 populo
888 1207 1202 1290 illuderet
1283 1208 1635 1306 Augustus
1676 1265 1703 1304 .,
1753 1207 2152 1290 faciendum.
2200 1212 2327 1316 ipsi
2351 1233 2514 1292 erat
2558 1272 2585 1312 ,
2644 1237 2723 1294 ut
2792 1217 2958 1315 Jure
3003 1218 3317 1298 Consul-

353 1323 603 1390 torum
729 1335 957 1409 uoque
1023 1310 1434 1409 dignitatem
1489 1309 1578 1385 .&
1642 1308 2134 1390 auetoritatem
2210 1316 2533 1393 retineret
2578 1372 2604 1412 ,
2676 1335 2889 1417 atque
2953 1340 3236 1418 augeret
3295 1377 3324 1416 ,

410 1429 540 1487 uos
569 1466 596 1505 ‚
693 1410 861 1486 ciret
886 1466 914 1505 ,
1002 1409 1073 1488 in
1149 1428 1381 1485 vetere
1447 1409 1798 1510 republica
1858 1412 2165 1490 multum
2225 1415 2411 1514 apud
2474 1415 2815 1516 populum
2882 1416 3310 1498 auctoritate

493 1508 716 1606 gratia
765 1508 1048 1588 valuisse
1086 1564 1108 1586 .
1172 1509 1258 1588 In
1320 1533 1466 1609 quo
1515 1510 1800 1610 quidem
1858 1535 2110 1610 magna
2175 1534 2323 1590 arte
2374 1569 2400 1609 ,
2456 1534 2536 1590 ut
2583 1515 2666 1591 in
2719 1516 2960 1593 ceteris
3036 1516 3314 1596 institu-

348 1601 444 1702 tis
479 1659 510 1701 o
580 1605 731 1684 usus
762 1681 767 1684 .
794 1608 949 1688 est:
1001 1607 1124 1711 qui
1177 1632 1348 1704 em,
1402 1610 1767 1710 potentiae
1845 1609 2004 1689 suae
2064 1612 2551 1693 stabiliaendae
2604 1613 2827 1692 veluti
2886 1614 3309 1695 instrumen-

346 1715 455 1806 ζα,
500 1704 634 1789 effe
704 1707 955 1790 vellet.
1656 1783 1659 1784 γ
1721 1808 1771 1910 §
1848 1812 1922 1888 H
2059 1781 2063 1786 ,

447 1983 767 2067 Primum
839 1986 1052 2088 igitur
1113 1987 1469 2088 Judicibus
1545 1987 1687 2091 [a]
1765 1988 2094 2093 imposuit
2171 1992 2674 2090 necessitatemw
2728 1993 3129 2074 observandi
3207 2023 3312 2075 re-

342 2085 585 2191 sponsa
670 2088 1021 2167 ICtorum
1096 2089 1172 2167 in
1236 2090 1584 2168 sententiis
1648 2087 1782 2169 suis
1840 2148 1867 2188 ,
1965 2093 2329 2195 vetuitque
2398 2094 2486 2170 ab
2557 2095 2639 2171 iis
2701 2096 3009 2174 recedere
3082 2098 3113 2195 [
3135 2100 3175 2173 b
3211 2097 3303 2194 ]:

443 2189 536 2267 od
589 2209 795 2270 antea
845 2190 1142 2278 liberum
1207 2188 1651 2293 solutumque
1709 2188 1990 2271 fuerat:
2053 2218 2273 2293 quam
2333 2213 2570 2271 tamen
2624 2194 3121 2275 auffi’ritatem
3185 2197 3311 2275 de-

382 2310 447 2388 wt
508 2311 786 2372 tantum
848 2315 1093 2369 eorum
1159 2292 1508 2369 ICtorum
1572 2289 1901 2390 responsis
1930 2347 1957 2385 .,
2005 2293 2147 2393 qui,
2182 2293 2273 2370 ab
2323 2291 2473 2395 ipso
2533 2291 2948 2371 facultatem
3024 2294 3140 2372 res
3225 2322 3301 2375 n·-

340 2388 546 2468 dendi
610 2391 697 2469 de
759 2393 906 2489 jure
956 2390 1364 2493 accepiffent
1397 2447 1417 2467 .
1485 2390 1791 2469 Instituit
1844 2392 2033 2468 enim
2074 2448 2100 2488 ,
2137 2411 2215 2468 ut
2271 2392 2547 2492 publice
2611 2393 2969 2492 Judicibus
3026 2420 3098 2473 re
3175 2422 3303 2474 on-

340 2489 502 2570 dere
568 2511 849 2570 tantum
901 2492 961 2570 :ti
1045 2489 1311 2592 possent
1393 2490 1563 2568 ICti
1603 2547 1630 2587 ,
1757 2490 1953 2566 uibus
2014 2494 2120 2590 jus
2193 2491 2746 2609 potestatemque
2809 2495 2832 2570 i
2885 2492 2951 2571 se
3011 2493 3097 2571 de
3147 2495 3302 2575 iffet

339 2588 514 2688 [c]:
560 2591 714 2689 -ita,
770 2611 861 2670 ‘ut
907 2595 1014 2690 ius
1064 2588 1516 2692 respondendi
1578 2516 1849 2690 pub‘iice
1892 2591 2320 2669 beneficium
2369 2592 2694 2671 Caesaris
2751 2618 2791 2669 e
2844 2614 2915 2670 et
2954 2620 2983 2672 ε
3060 2597 3302 2682 ceteris

338 2712 511 2767 vero
556 2692 646 2768 ab
699 2690 846 2792 ipso
903 2717 1046 2769 non
1105 2743 1110 2750 ·
1164 2690 1420 2774 robatis
1449 2747 1478 2786 ,
1558 2691 1760 2769 ICtis
1819 2690 1944 2767 etsi
2018 2692 2347 2792 privatim
2405 2691 2918 2770 consulentibus
2952 2750 2979 2788 ,
3037 2715 3136 2770 ut
3189 2721 3309 2773 an-

337 2807 459 2868 tea
489 2846 516 2885 ‚
590 2790 1030 2891 respondendi
1090 2716 1503 2869 simultatem
1575 2815 1719 2884 non
1774 2789 2120 2868 ademerat
2157 2849 2183 2887 ,
2246 2811 2483 2869 tamen
2535 2791 2740 2869 istam
2793 2791 3306 2873 auEloritatem

336 2889 472 2966 eise
533 2890 762 2969 noluit
790 2949 817 2988 ‚
863 2913 943 2970 ut
993 2890 1257 2993 iudices
1319 2888 1436 2972 tes
1518 2889 1646 2968 nfis
1712 2915 1956 2972 eorum
2014 2911 2412 2991 tenerentur
2469 2890 2660 2988 [d].
2719 2893 2955 2990 Cujus
3009 2893 3305 2994 quidem

337 2986 639 3067 instituti
716 2991 987 3070 causam
1051 2987 1227 3070 Hane
1301 3011 1375 3068 tr·
1454 2991 1508 3068 ‘t
1571 2992 2001 3093 Pomponius
2060 2989 2256 3070 fuiffe
2289 3049 2316 3086 ‚
2377 3015 2525 3093 quo
2594 2994 2817 3088 major
2880 2992 3055 3070 effet
3139 2995 3304 3090 juris

341 3088 716 3168 aucloritas
767 3093 799 3191 [
817 3091 904 3191 e]
944 3120 969 3173 z
1015 3117 1098 3172 ac
1147 3090 1330 3172 τεᾶς
1381 3092 1724 3195 quidem:
1782 3116 1945 3268 ςιέι
2008 3091 2422 3171 turbulentis
2475 3091 2904 3193 temporibus
2976 3092 3301 3194 reipubliss-

1736 3254 1747 3265 .
1828 3258 1832 3263 .
1967 3218 2011 3268 e
3068 3218 3194 3269 cae

820 3402 825 3409 ι

332 3542 454 3626 [a]
496 3545 765 3613 Nomine
830 3545 1049 3609 adim
1078 3544 1150 3610 b.
1170 3544 1224 3612 ³1.
1241 3567 1362 3614 nnn
1401 3548 1594 3615 solum
1634 3552 1795 3627 judi.
1914 3552 2183 3616 Gebmer.
2216 3551 2461 3617 Excurs.
2478 3555 2531 3617 1.
2559 3538 2759 3616 adorei.
2803 3555 2988 3639 Inst.p.
3014 3574 3161 3636 ¹7²«.
3166 3558 3295 3639 sqq.

409 3648 501 3690 ces
540 3629 709 3705 dati,
779 3630 850 3691 ed
888 3628 1073 3690 etiam
1116 3629 1224 3720 ipsi
1273 3630 1642 3709 magistratus
1697 3634 1785 3694 in·
1876 3654 1906 3694 c
1989 3635 2060 3696 L.
2100 3653 2153 3692 2.
2194 3634 2251 3708 §.
2283 3654 2384 3711 47.
2427 3638 2506 3695 D.
2548 3635 2617 3692 de
2657 3639 2759 3697 Or.
2789 3639 2921 3712 Jur.
3311 3712 3314 3717 ⁴

404 3707 792 3787 telliguntur‚
848 3708 952 3792 qui
1009 3727 1252 3771 nomme
1283 3710 1552 3788 Judt‘cum
1582 3711 1644 3772 δι
1680 3713 1696 3771 i
1745 3712 1783 3773 fi
1873 3714 1915 3772 d
1995 3735 2058 3775 v.
2090 3711 2373 3773 Ceba-ver.
2433 3715 2571 3775 Vir.
2619 3715 2718 3776 Ill.
2764 3715 2984 3794 Excurgfi
3043 3716 3198 3780 laud.
3233 3734 3296 3799 p.

405 3804 605 3851 aetate
655 3788 802 3852 Pom
887 3789 974 3850 nii
1048 3788 1383 3851 dicerentur
1440 3811 1500 3852 v.
1552 3792 1607 3848 G
1763 3833 1779 3852 .
1919 3792 2052 3867 184.
2086 3792 2201 3869 seq.
2320 3832 2333 3843 κ
2469 3800 2472 3805 “
2763 3820 2770 3829 ·

402 3867 659 3945 ΜΙιυν.
693 3869 779 3930 V.
855 3910 871 3930 .
909 3866 1360 3930 deSeHisSaebin.
1379 3867 1709 3931 (effraeni.
1730 3892 1778 3931 c.
1831 3867 1941 3954 [e]
1982 3874 2054 3931 L.
2100 3890 2155 3935 2.
2188 3869 2246 3944 §-
2274 3889 2374 3946 47.
2408 3874 2487 3932 D.
2542 3873 2612 3932 de
2650 3876 2752 3934 Or.
2792 3878 2924 3951 Jur.
2973 3876 3115 3937 Non
3153 3896 3296 3956 ergo

406 3947 473 4007 11
478 3990 494 4008 .
523 3966 587 4030 p.
684 3968 740 4027 3.
798 3947 1159 4027 Exemplum
1184 3948 1508 4025 Praetoris‘,
1550 3947 1646 4011 res
1717 3970 1779 4011 n·
1912 3948 2417 4032 reprehendendus
2480 3952 2560 4012 est
2640 3952 3004 4031 Pomponius
3058 3999 3078 4029 ‚
3136 3959 3295 4036 quod

408 4024 535 4088 sum
574 4027 603 4099 J
671 4030 717 4091 ti
772 4028 1104 4111 sequentiS,
1172 4028 1251 4093 est
1289 4030 1351 4091 in
1399 4032 1471 4091 L.
1531 4048 1587 4109 3.
1627 3969 1715 4104 go
1723 4049 1775 4091 1.
1910 4029 2062 4091 hanc
2113 4030 2399 4091 rationem
2444 4031 2634 4091 reddit
2677 4052 2692 4090 ε
2731 4033 2831 4090 'uti
2875 4029 3020 4093 facit
3047 4037 3295 4096 Heinecc.

400 4107 481 4168 D.
511 4108 580 4167 de
607 4111 798 4170 minor.
972 4140 975 4143 Δ
1294 4124 1297 4125 ’
1905 4108 2049 4185 Hist.
2076 4112 2206 4186 Jur.
2249 4110 2302 4170 I.
2353 4110 2484 4187 178.
2530 4110 2612 4189 ζ*
2643 4110 2670 4185 )
2710 4109 2771 4170 &
2801 4113 2939 4170 Ant.
2971 4116 3104 4190 Jur.
3148 4113 3200 4172 I.
3235 4133 3291 4175 2.

323 4179 439 4264 [b]
496 4187 554 4261 §.
602 4188 660 4249 8.
718 4186 845 4265 lust.
898 4186 968 4248 de
1023 4191 1156 4265 Jur.
1210 4192 1294 4249 Ν.
1348 4191 1423 4249 G.
1458 4187 1545 4251 <9⁹
1594 4192 1668 4249 C.
1714 4188 1778 4248 in
1912 4207 2006 4266 39.
2055 4187 2219 4279 quali
2261 4189 2358 4251 vel
2397 4208 2604 4251 ‘veram
2646 4188 2937 4251 rationem
2995 4211 3113 4252 non
3168 4212 3292 4272 per-

399 4285 520 4348 quo
549 4266 684 4345 loco
719 4267 901 4330 verba
950 4286 1015 4328 ut
1049 4266 1119 4342 est
1159 4267 1521 4346 constitutum,
1566 4268 1587 4328 i
1632 4266 1777 4327 sam·
1850 4286 1859 4293 ·
1906 4269 2127 4331 vident
2172 4294 2190 4343 ·,
2240 4269 2335 4329 vel
2375 4267 2762 4349 Principibus
2831 4267 3124 4331 adsentari
3190 4292 3291 4335 vo·

400 4365 515 4426 que
544 4346 691 4410 adeo
722 4345 872 4409 hanc
925 4348 1354 4423 mutationem,
1412 4349 1500 4425 ⁴ad
1620 4347 1777 4407 nien·
1911 4348 2087 4409 luerit
2128 4390 2145 4407 .
2215 4347 2435 4409 Censet
2498 4363 2697 4409 autem
2759 4367 2893 4410 cum
2956 4349 3092 4410 aliis
3147 4351 3293 4416 viris

402 4426 619 4486 riniani
664 4426 790 4488 111.
822 4427 1323 4489 constitutionem
1366 4427 1429 4488 in
1467 4430 1541 4488 L.
1604 4445 1655 4487 t.
1702 4431 1776 4487 C.
1909 4427 2094 4488 doffls
2151 4427 2540 4503 Heirieccius,
2593 4447 2791 4488 veram
2835 4426 3068 4489 causam
3117 4428 3290 4499 huius

399 4502 604 4565 Thead.
644 4507 712 4564 de
742 4506 993 4587 Respoqfi
1040 4506 1200 4585 prud.
1262 4504 1435 4568 refert
1525 4529 1608 4567 aec.
1663 4508 1778 4564 Go-
1911 4506 2163 4568 instituti
2231 4507 2500 4583 Augusto
2553 4505 2715 4568 fuiffe
2756 4505 2949 4584 hanc,
3009 4523 3076 4569 ut
3111 4508 3291 4578 JCto-

396 4581 666 4659 rhosi-edus
699 4591 857 4647 Com.
923 4586 1061 4648 Cod.
1106 4585 1312 4646 Thead.
1360 4591 1434 4648 Τ.
1517 4629 1534 4647 .
1570 4601 1630 4666 p.
1682 4604 1777 4663 34.
1912 4605 2043 4647 rum
2086 4605 2267 4667 opera
2301 4586 2375 4646 ad
2407 4580 2784 4648 inflefiendas
2813 4588 2883 4647 ad
2933 4593 3155 4649 novum
3184 4589 3291 4653 sta·

398 4663 486 4741 ed}
539 4665 746 4726 Ritteri
782 4666 868 4726 V.
920 4666 995 4727 C.
1043 4666 1104 4729 δι
1151 4666 1277 4748 post
1339 4687 1473 4728 eum
1518 4664 1783 4726 Noodtius
1858 4672 1885 4693 ⁸
1912 4681 2041 4727 tum
2098 4666 2281 4743 Leges
2311 4710 2330 4740 ,
2379 4667 2441 4726 δι
2467 4667 2560 4726 ·ad
2616 4666 2998 4728 evertendum
3043 4666 3290 4746 regnum

396 4749 699 4806 cmment.
758 4746 894 4824 Dig.
972 4745 1040 4805 de
1079 4750 1213 4824 Jur.
1258 4744 1336 4808 Θ·
1390 4744 1538 4826 Just.
1573 4762 1634 4827 p.
1685 4764 1778 4805 10.
1912 4744 2205 4807 Praetoris
2228 4791 2247 4817 ,
2294 4761 2587 4807 uteretur.
2633 4746 2852 4816 Quam'
2892 4743 3121 4806 causam
3182 4742 3286 4813 e'tfi

402 4827 475 4886 T.
520 4825 614 4903 11.
654 4829 800 4918 opp.
844 4824 939 4887 sed
985 4823 1330 4901 refelluntur
1378 4846 1416 4887 a
1463 4821 1672 4885 Riteeiv
1698 4823 1778 4884 V.
1910 4825 2177 4887 Aunusto
2219 4822 2382 4886 fuisse
2420 4844 2635 4902 negare
2666 4825 2806 4886 nolo
2829 4869 2847 4899 ,
2880 4841 3117 4905 tamen,
3149 4848 3289 4894 cum

398 4902 474 4966 C.
506 4904 583 4967 -in
620 4903 988 4982 mmaedvnfi
1021 4905 1094 4968 ad
1132 4910 1205 4968 C.
1243 4902 1361 4969 Th.
1391 4904 1434 4969 l.
1486 4926 1536 4969 c.
1565 4902 1642 4968 cf.
1675 4903 1779 4966 111.
1911 4905 1976 4966 in
2014 4869 2141 4966 tbac
2192 4903 2532 4985 Pomponio
2581 4917 2914 5003 memorata
2939 4903 3138 5045 iues‘ll'e
3196 4906 3285 4987 di.
