<?xml version="1.0" encoding="UTF-8"?>
<!DOCTYPE html PUBLIC "-//W3C//DTD XHTML 1.0 Transitional//EN"
    "http://www.w3.org/TR/xhtml1/DTD/xhtml1-transitional.dtd">
<html xmlns="http://www.w3.org/1999/xhtml" xml:lang="en" lang="en">
 <head>
  <title>
</title>
<meta http-equiv="Content-Type" content="text/html;charset=utf-8" />
  <meta name='ocr-system' content='tesseract 3.04.00' />
  <meta name='ocr-capabilities' content='ocr_page ocr_carea ocr_par ocr_line ocrx_word'/>
</head>
<body>
  <div class='ocr_page' id='page_1' title='image "./joaugustibachii00bachgoog_0372.png"; bbox 0 0 4702 6338; ppageno 0'>
   <div class='ocr_carea' id='block_1_1' title="bbox 1474 389 3613 500">
    <p class='ocr_par' dir='ltr' id='par_1_1' title="bbox 1474 389 3613 500">
     <span class='ocr_line' id='line_1_1' title="bbox 1474 389 3613 500; baseline 0.001 -27"><span class='ocrx_word' id='word_1_1' title='bbox 1474 399 1622 498; x_wconf 81' lang='lat'><strong>362.</strong></span> <span class='ocrx_word' id='word_1_2' title='bbox 2012 389 2166 472; x_wconf 79' lang='lat' dir='ltr'><strong>Lib.</strong></span> <span class='ocrx_word' id='word_1_3' title='bbox 2201 400 2319 470; x_wconf 90' lang='lat' dir='ltr'><strong>IV.</strong></span> <span class='ocrx_word' id='word_1_4' title='bbox 2355 397 2527 494; x_wconf 84' lang='lat' dir='ltr'><strong>Cap.</strong></span> <span class='ocrx_word' id='word_1_5' title='bbox 2572 399 2695 470; x_wconf 80' lang='lat' dir='ltr'><strong>m.</strong></span> <span class='ocrx_word' id='word_1_6' title='bbox 2747 396 2866 471; x_wconf 83' lang='lat' dir='ltr'><strong>De</strong></span> <span class='ocrx_word' id='word_1_7' title='bbox 2889 402 2961 500; x_wconf 87' lang='lat' dir='ltr'><em>J</em></span> <span class='ocrx_word' id='word_1_8' title='bbox 2963 392 3113 472; x_wconf 82' lang='lat' dir='ltr'><strong>uris</strong></span> <span class='ocrx_word' id='word_1_9' title='bbox 3161 393 3613 495; x_wconf 66' lang='lat' dir='ltr'><strong>fustinianei</strong></span> 
     </span>
    </p>
   </div>
   <div class='ocr_carea' id='block_1_2' title="bbox 1369 544 4349 1059">
    <p class='ocr_par' dir='ltr' id='par_1_2' title="bbox 1369 544 4349 1059">
     <span class='ocr_line' id='line_1_2' title="bbox 1369 544 4349 652; baseline -0.003 -17"><span class='ocrx_word' id='word_1_10' title='bbox 1369 579 1609 636; x_wconf 82' lang='lat' dir='ltr'><strong>rarum</strong></span> <span class='ocrx_word' id='word_1_11' title='bbox 1644 548 2122 629; x_wconf 87' lang='lat' dir='ltr'><strong>barbararium</strong></span> <span class='ocrx_word' id='word_1_12' title='bbox 2158 550 2525 650; x_wconf 89' lang='lat' dir='ltr'><strong>gentium,</strong></span> <span class='ocrx_word' id='word_1_13' title='bbox 2576 576 2619 626; x_wconf 85' lang='lat' dir='ltr'><strong>a</strong></span> <span class='ocrx_word' id='word_1_14' title='bbox 2672 548 2738 628; x_wconf 91' lang='lat' dir='ltr'><strong>se</strong></span> <span class='ocrx_word' id='word_1_15' title='bbox 2790 549 3085 629; x_wconf 65' lang='lat' dir='ltr'><strong>subaRis</strong></span> <span class='ocrx_word' id='word_1_16' title='bbox 3103 549 3475 652; x_wconf 87' lang='lat' dir='ltr'><strong>provinciis</strong></span> <span class='ocrx_word' id='word_1_17' title='bbox 3526 563 3789 624; x_wconf 90' lang='lat' dir='ltr'><strong>veteres</strong></span> <span class='ocrx_word' id='word_1_18' title='bbox 3842 546 4022 647; x_wconf 85' lang='lat' dir='ltr'><strong>leges</strong></span> <span class='ocrx_word' id='word_1_19' title='bbox 4075 544 4148 625; x_wconf 99' lang='grc'><strong>8(</strong></span> <span class='ocrx_word' id='word_1_20' title='bbox 4199 549 4349 647; x_wconf 65' lang='lat' dir='ltr'><strong>jura</strong></span> 
     </span>
     <span class='ocr_line' id='line_1_3' title="bbox 1369 648 4330 756; baseline -0.003 -21"><span class='ocrx_word' id='word_1_21' title='bbox 1369 655 1492 734; x_wconf 81' lang='lat' dir='ltr'><strong>sua</strong></span> <span class='ocrx_word' id='word_1_22' title='bbox 1546 653 1861 756; x_wconf 84' lang='lat' dir='ltr'>prudenti</span> <span class='ocrx_word' id='word_1_23' title='bbox 1914 651 2199 728; x_wconf 81' lang='lat' dir='ltr'><strong>conlilio</strong></span> <span class='ocrx_word' id='word_1_24' title='bbox 2252 648 2712 752; x_wconf 64' lang='lat' dir='ltr'><strong>reliquissent.</strong></span> <span class='ocrx_word' id='word_1_25' title='bbox 2768 655 3024 754; x_wconf 84' lang='lat' dir='ltr'><strong>Neque</strong></span> <span class='ocrx_word' id='word_1_26' title='bbox 3082 677 3248 727; x_wconf 91' lang='lat' dir='ltr'><strong>vero</strong></span> <span class='ocrx_word' id='word_1_27' title='bbox 3307 650 3539 752; x_wconf 89' lang='lat' dir='ltr'><strong>postea</strong></span> <span class='ocrx_word' id='word_1_28' title='bbox 3589 674 3752 725; x_wconf 91' lang='lat' dir='ltr'><strong>cum</strong></span> <span class='ocrx_word' id='word_1_29' title='bbox 3804 673 3846 724; x_wconf 87' lang='lat' dir='ltr'><strong>a</strong></span> <span class='ocrx_word' id='word_1_30' title='bbox 3896 649 4178 725; x_wconf 87' lang='lat' dir='ltr'><strong>Francis</strong></span> <span class='ocrx_word' id='word_1_31' title='bbox 4219 653 4330 729; x_wconf 81' lang='lat' dir='ltr'><strong>de-</strong></span> 
     </span>
     <span class='ocr_line' id='line_1_4' title="bbox 1372 750 4333 854; baseline -0.003 -18"><span class='ocrx_word' id='word_1_32' title='bbox 1372 758 1608 837; x_wconf 86' lang='lat' dir='ltr'><strong>bellati</strong></span> <span class='ocrx_word' id='word_1_33' title='bbox 1663 752 2156 853; x_wconf 81' lang='lat' dir='ltr'><strong>Langobardi,</strong></span> <span class='ocrx_word' id='word_1_34' title='bbox 2210 752 2593 853; x_wconf 82' lang='lat' dir='ltr'><strong>Italiaeque</strong></span> <span class='ocrx_word' id='word_1_35' title='bbox 2646 779 2933 854; x_wconf 82' lang='lat' dir='ltr'><strong>regnum</strong></span> <span class='ocrx_word' id='word_1_36' title='bbox 2988 754 3449 833; x_wconf 80' lang='lat' dir='ltr'><strong>constitutum</strong></span> <span class='ocrx_word' id='word_1_37' title='bbox 3499 750 3662 827; x_wconf 81' lang='lat' dir='ltr'><strong>effet</strong></span> <span class='ocrx_word' id='word_1_38' title='bbox 3727 809 3753 847; x_wconf 88' lang='lat'><strong>,</strong></span> <span class='ocrx_word' id='word_1_39' title='bbox 3827 751 3958 850; x_wconf 87' lang='lat' dir='ltr'><strong>juri</strong></span> <span class='ocrx_word' id='word_1_40' title='bbox 4011 751 4333 847; x_wconf 86' lang='lat' dir='ltr'><strong>Justinia.</strong></span> 
     </span>
     <span class='ocr_line' id='line_1_5' title="bbox 1369 851 4335 958; baseline -0.002 -21"><span class='ocrx_word' id='word_1_41' title='bbox 1369 885 1508 937; x_wconf 88' lang='lat' dir='ltr'><strong>neo</strong></span> <span class='ocrx_word' id='word_1_42' title='bbox 1565 857 1671 934; x_wconf 87' lang='lat' dir='ltr'><strong>vis</strong></span> <span class='ocrx_word' id='word_1_43' title='bbox 1728 861 2057 952; x_wconf 88' lang='lat' dir='ltr'><strong>abrogata</strong></span> <span class='ocrx_word' id='word_1_44' title='bbox 2109 851 2224 929; x_wconf 91' lang='lat' dir='ltr'><strong>sua</strong></span> <span class='ocrx_word' id='word_1_45' title='bbox 2280 853 2417 951; x_wconf 80' lang='lat' dir='ltr'><strong>[b]</strong></span> <span class='ocrx_word' id='word_1_46' title='bbox 2456 911 2475 929; x_wconf 93' lang='lat'><strong>.</strong></span> <span class='ocrx_word' id='word_1_47' title='bbox 2545 857 2790 958; x_wconf 88' lang='lat' dir='ltr'><strong>Itaque</strong></span> <span class='ocrx_word' id='word_1_48' title='bbox 2846 856 3109 958; x_wconf 84' lang='lat' dir='ltr'><strong>semper</strong></span> <span class='ocrx_word' id='word_1_49' title='bbox 3159 857 3231 932; x_wconf 89' lang='lat' dir='ltr'><strong>in</strong></span> <span class='ocrx_word' id='word_1_50' title='bbox 3287 853 3505 940; x_wconf 70' lang='lat' dir='ltr'><strong>Italia,</strong></span> <span class='ocrx_word' id='word_1_51' title='bbox 3544 851 3697 956; x_wconf 89' lang='lat' dir='ltr'><strong>post</strong></span> <span class='ocrx_word' id='word_1_52' title='bbox 3745 851 4216 952; x_wconf 87' lang='lat' dir='ltr'><strong>Justinianum</strong></span> <span class='ocrx_word' id='word_1_53' title='bbox 4256 880 4335 931; x_wconf 90' lang='lat' dir='ltr'><strong>u..</strong></span> 
     </span>
     <span class='ocr_line' id='line_1_6' title="bbox 1374 954 2628 1059; baseline -0.004 -20"><span class='ocrx_word' id='word_1_54' title='bbox 1374 958 1483 1039; x_wconf 82' lang='lat' dir='ltr'><strong>sus</strong></span> <span class='ocrx_word' id='word_1_55' title='bbox 1533 958 1697 1059; x_wconf 83' lang='lat' dir='ltr'><strong>juris</strong></span> <span class='ocrx_word' id='word_1_56' title='bbox 1725 954 2155 1057; x_wconf 55' lang='lat' dir='ltr'><strong>‘Iustinianei</strong></span> <span class='ocrx_word' id='word_1_57' title='bbox 2206 955 2576 1057; x_wconf 87' lang='lat' dir='ltr'><strong>permanfit</strong></span> <span class='ocrx_word' id='word_1_58' title='bbox 2608 1014 2628 1034; x_wconf 93' lang='lat'><strong>.</strong></span> 
     </span>
    </p>
   </div>
   <div class='ocr_carea' id='block_1_3' title="bbox 2692 1057 3005 1160">
    <p class='ocr_par' dir='ltr' id='par_1_3' title="bbox 2692 1057 3005 1160">
     <span class='ocr_line' id='line_1_7' title="bbox 2692 1057 3005 1160; baseline 0 -23"><span class='ocrx_word' id='word_1_59' title='bbox 2692 1057 2759 1160; x_wconf 61' lang='grc' dir='ltr'><strong>ς.</strong></span> <span class='ocrx_word' id='word_1_60' title='bbox 2866 1061 3005 1137; x_wconf 91' lang='lat'><strong>111.</strong></span> 
     </span>
    </p>
   </div>
   <div class='ocr_carea' id='block_1_4' title="bbox 1359 1237 4457 1526">
    <p class='ocr_par' dir='ltr' id='par_1_4' title="bbox 1359 1237 4457 1526">
     <span class='ocr_line' id='line_1_8' title="bbox 1463 1237 4324 1344; baseline 0.002 -24"><span class='ocrx_word' id='word_1_61' title='bbox 1463 1244 1712 1342; x_wconf 88' lang='lat' dir='ltr'><strong>Major</strong></span> <span class='ocrx_word' id='word_1_62' title='bbox 1761 1259 1998 1318; x_wconf 89' lang='lat' dir='ltr'><strong>tamen</strong></span> <span class='ocrx_word' id='word_1_63' title='bbox 2053 1239 2206 1318; x_wconf 85' lang='lat' dir='ltr'><strong>usus</strong></span> <span class='ocrx_word' id='word_1_64' title='bbox 2253 1238 2543 1318; x_wconf 87' lang='lat' dir='ltr'><strong>Codicis</strong></span> <span class='ocrx_word' id='word_1_65' title='bbox 2594 1238 2668 1319; x_wconf 88' lang='grc'><strong>8(</strong></span> <span class='ocrx_word' id='word_1_66' title='bbox 2720 1242 3191 1320; x_wconf 89' lang='lat' dir='ltr'><strong>Novellarum</strong></span> <span class='ocrx_word' id='word_1_67' title='bbox 3213 1301 3240 1339; x_wconf 83' lang='lat'><strong>,</strong></span> <span class='ocrx_word' id='word_1_68' title='bbox 3275 1265 3490 1343; x_wconf 89' lang='lat' dir='ltr'><strong>quam</strong></span> <span class='ocrx_word' id='word_1_69' title='bbox 3542 1237 4044 1318; x_wconf 64' lang='lat' dir='ltr'><strong>Pandeffltrum</strong></span> <span class='ocrx_word' id='word_1_70' title='bbox 4070 1301 4096 1340; x_wconf 86' lang='lat'><strong>,</strong></span> <span class='ocrx_word' id='word_1_71' title='bbox 4147 1242 4324 1344; x_wconf 83' lang='lat' dir='ltr'><strong>fuit,</strong></span> 
     </span>
     <span class='ocr_line' id='line_1_9' title="bbox 1361 1342 4457 1448; baseline 0.001 -26"><span class='ocrx_word' id='word_1_72' title='bbox 1361 1345 1662 1423; x_wconf 88' lang='lat' dir='ltr'><strong>Clericis</strong></span> <span class='ocrx_word' id='word_1_73' title='bbox 1708 1345 2018 1445; x_wconf 86' lang='lat' dir='ltr'><strong>inprimis</strong></span> <span class='ocrx_word' id='word_1_74' title='bbox 2078 1342 2471 1420; x_wconf 57' lang='lat' dir='ltr'><strong>aneioribus</strong></span> <span class='ocrx_word' id='word_1_75' title='bbox 2524 1343 2657 1441; x_wconf 85' lang='lat' dir='ltr'><strong>[c]</strong></span> <span class='ocrx_word' id='word_1_76' title='bbox 2701 1402 2729 1439; x_wconf 85' lang='lat'><strong>,</strong></span> <span class='ocrx_word' id='word_1_77' title='bbox 2799 1370 3101 1446; x_wconf 89' lang='lat' dir='ltr'><strong>quorum</strong></span> <span class='ocrx_word' id='word_1_78' title='bbox 3154 1343 3519 1448; x_wconf 82' lang='lat' dir='ltr'><strong>praecipua</strong></span> <span class='ocrx_word' id='word_1_79' title='bbox 3587 1343 3739 1440; x_wconf 84' lang='lat' dir='ltr'><strong>jura</strong></span> <span class='ocrx_word' id='word_1_80' title='bbox 3805 1366 3887 1418; x_wconf 89' lang='lat' dir='ltr'><strong>ac</strong></span> <span class='ocrx_word' id='word_1_81' title='bbox 3955 1345 4318 1448; x_wconf 84' lang='lat' dir='ltr'><strong>privilegia</strong></span> <span class='ocrx_word' id='word_1_82' title='bbox 4454 1351 4457 1352; x_wconf 45' lang='lat'><em>⁷</em></span> 
     </span>
     <span class='ocr_line' id='line_1_10' title="bbox 1359 1443 2907 1526; baseline -0.001 0"><span class='ocrx_word' id='word_1_83' title='bbox 1359 1445 1448 1526; x_wconf 86' lang='lat' dir='ltr'><strong>in</strong></span> <span class='ocrx_word' id='word_1_84' title='bbox 1497 1446 1771 1525; x_wconf 87' lang='lat' dir='ltr'><strong>Codice</strong></span> <span class='ocrx_word' id='word_1_85' title='bbox 1821 1443 1896 1522; x_wconf 84' lang='lat'><strong>8&lt;</strong></span> <span class='ocrx_word' id='word_1_86' title='bbox 1949 1445 2277 1523; x_wconf 86' lang='lat' dir='ltr'><strong>Novellis</strong></span> <span class='ocrx_word' id='word_1_87' title='bbox 2329 1446 2907 1524; x_wconf 83' lang='lat' dir='ltr'><strong>continebantur.</strong></span> 
     </span>
    </p>
   </div>
   <div class='ocr_carea' id='block_1_5' title="bbox 2697 1627 3006 1729">
    <p class='ocr_par' dir='ltr' id='par_1_5' title="bbox 2697 1627 3006 1729">
     <span class='ocr_line' id='line_1_11' title="bbox 2697 1627 3006 1729; baseline -0.01 -22"><span class='ocrx_word' id='word_1_88' title='bbox 2697 1627 2763 1729; x_wconf 58' lang='grc' dir='ltr'><strong>ς.</strong></span> <span class='ocrx_word' id='word_1_89' title='bbox 2869 1629 3006 1704; x_wconf 78' lang='grc' dir='ltr'><strong>ιν.</strong></span> 
     </span>
    </p>
   </div>
   <div class='ocr_carea' id='block_1_6' title="bbox 1350 1806 4332 2825">
    <p class='ocr_par' dir='ltr' id='par_1_6' title="bbox 1350 1806 4332 2825">
     <span class='ocr_line' id='line_1_12' title="bbox 1457 1806 4311 1909; baseline 0.001 -23"><span class='ocrx_word' id='word_1_90' title='bbox 1457 1809 1850 1888; x_wconf 88' lang='lat' dir='ltr'><strong>Enimvero</strong></span> <span class='ocrx_word' id='word_1_91' title='bbox 1874 1867 1901 1906; x_wconf 91' lang='lat'><strong>,</strong></span> <span class='ocrx_word' id='word_1_92' title='bbox 1972 1808 2022 1885; x_wconf 86' lang='lat' dir='ltr'>fi</span> <span class='ocrx_word' id='word_1_93' title='bbox 2109 1810 2302 1907; x_wconf 21' lang='lat' dir='ltr'><strong>Iuris.</strong></span> <span class='ocrx_word' id='word_1_94' title='bbox 2365 1810 2769 1909; x_wconf 81' lang='lat' dir='ltr'><strong>Justiuiauei</strong></span> <span class='ocrx_word' id='word_1_95' title='bbox 2841 1809 2992 1889; x_wconf 88' lang='lat' dir='ltr'><strong>usus</strong></span> <span class='ocrx_word' id='word_1_96' title='bbox 3065 1808 3391 1888; x_wconf 78' lang='lat' dir='ltr'><strong>remansit</strong></span> <span class='ocrx_word' id='word_1_97' title='bbox 3434 1865 3461 1904; x_wconf 89' lang='lat'><strong>,</strong></span> <span class='ocrx_word' id='word_1_98' title='bbox 3532 1810 3653 1909; x_wconf 83' lang='lat' dir='ltr'><strong>qui</strong></span> <span class='ocrx_word' id='word_1_99' title='bbox 3706 1806 3848 1905; x_wconf 87' lang='lat' dir='ltr'><strong>fit,</strong></span> <span class='ocrx_word' id='word_1_100' title='bbox 3904 1827 3984 1886; x_wconf 86' lang='lat' dir='ltr'><strong>ut</strong></span> <span class='ocrx_word' id='word_1_101' title='bbox 4037 1808 4311 1891; x_wconf 83' lang='lat' dir='ltr'><strong>saeculo</strong></span> 
     </span>
     <span class='ocr_line' id='line_1_13' title="bbox 1356 1908 4308 2013; baseline 0.001 -24"><span class='ocrx_word' id='word_1_102' title='bbox 1356 1908 1534 1989; x_wconf 88' lang='lat' dir='ltr'><strong>XII.</strong></span> <span class='ocrx_word' id='word_1_103' title='bbox 1589 1912 1660 1988; x_wconf 90' lang='lat' dir='ltr'><strong>in</strong></span> <span class='ocrx_word' id='word_1_104' title='bbox 1733 1911 1936 1987; x_wconf 88' lang='lat' dir='ltr'><strong>Italia</strong></span> <span class='ocrx_word' id='word_1_105' title='bbox 1988 1910 2446 1990; x_wconf 87' lang='lat' dir='ltr'><strong>instauratum</strong></span> <span class='ocrx_word' id='word_1_106' title='bbox 2484 1973 2510 2011; x_wconf 91' lang='lat'><strong>,</strong></span> <span class='ocrx_word' id='word_1_107' title='bbox 2562 1913 3126 2013; x_wconf 72' lang='lat' dir='ltr'><strong>restitutumque</strong></span> <span class='ocrx_word' id='word_1_108' title='bbox 3193 1913 3517 1990; x_wconf 78' lang='lat' dir='ltr'><strong>dicatur?</strong></span> <span class='ocrx_word' id='word_1_109' title='bbox 3599 1913 3689 1987; x_wconf 85' lang='lat' dir='ltr'><strong>In</strong></span> <span class='ocrx_word' id='word_1_110' title='bbox 3734 1936 3879 2012; x_wconf 90' lang='lat' dir='ltr'><strong>quo</strong></span> <span class='ocrx_word' id='word_1_111' title='bbox 3934 1911 4021 1987; x_wconf 86' lang='lat' dir='ltr'><strong>fic</strong></span> <span class='ocrx_word' id='word_1_112' title='bbox 4075 1934 4308 1991; x_wconf 83' lang='lat' dir='ltr'><strong>tenen-</strong></span> 
     </span>
     <span class='ocr_line' id='line_1_14' title="bbox 1358 2010 4325 2115; baseline 0.001 -25"><span class='ocrx_word' id='word_1_113' title='bbox 1358 2012 1527 2090; x_wconf 87' lang='lat' dir='ltr'><strong>dum</strong></span> <span class='ocrx_word' id='word_1_114' title='bbox 1581 2013 1733 2109; x_wconf 82' lang='lat' dir='ltr'><strong>est,</strong></span> <span class='ocrx_word' id='word_1_115' title='bbox 1805 2012 1936 2089; x_wconf 75' lang='lat' dir='ltr'><strong>etii</strong></span> <span class='ocrx_word' id='word_1_116' title='bbox 2001 2010 2150 2089; x_wconf 89' lang='lat' dir='ltr'><strong>usus</strong></span> <span class='ocrx_word' id='word_1_117' title='bbox 2215 2010 2424 2091; x_wconf 88' lang='lat' dir='ltr'><strong>fuerit</strong></span> <span class='ocrx_word' id='word_1_118' title='bbox 2492 2017 2635 2115; x_wconf 84' lang='lat' dir='ltr'><strong>ejus</strong></span> <span class='ocrx_word' id='word_1_119' title='bbox 2685 2016 2847 2113; x_wconf 90' lang='lat' dir='ltr'><strong>juris</strong></span> <span class='ocrx_word' id='word_1_120' title='bbox 2877 2073 2911 2110; x_wconf 70' lang='lat'><strong>„</strong></span> <span class='ocrx_word' id='word_1_121' title='bbox 2970 2014 3206 2090; x_wconf 90' lang='lat' dir='ltr'><strong>multis</strong></span> <span class='ocrx_word' id='word_1_122' title='bbox 3277 2036 3513 2090; x_wconf 89' lang='lat' dir='ltr'><strong>tamen</strong></span> <span class='ocrx_word' id='word_1_123' title='bbox 3587 2012 3787 2088; x_wconf 88' lang='lat' dir='ltr'><strong>novis</strong></span> <span class='ocrx_word' id='word_1_124' title='bbox 3839 2012 4141 2112; x_wconf 82' lang='lat' dir='ltr'><strong>Legibus</strong></span> <span class='ocrx_word' id='word_1_125' title='bbox 4212 2016 4325 2094; x_wconf 80' lang='lat' dir='ltr'><strong>vel</strong></span> 
     </span>
     <span class='ocr_line' id='line_1_15' title="bbox 1354 2112 4324 2215; baseline 0.001 -25"><span class='ocrx_word' id='word_1_126' title='bbox 1354 2114 1662 2192; x_wconf 86' lang='lat' dir='ltr'><strong>moribus</strong></span> <span class='ocrx_word' id='word_1_127' title='bbox 1728 2112 2361 2215; x_wconf 88' lang='lat' dir='ltr'><strong>supervenientibus</strong></span> <span class='ocrx_word' id='word_1_128' title='bbox 2396 2174 2421 2213; x_wconf 88' lang='lat'><strong>,</strong></span> <span class='ocrx_word' id='word_1_129' title='bbox 2474 2118 2575 2194; x_wconf 88' lang='lat' dir='ltr'><strong>ita</strong></span> <span class='ocrx_word' id='word_1_130' title='bbox 2640 2116 3132 2194; x_wconf 64' lang='lat' dir='ltr'><strong>auctoritatem</strong></span> <span class='ocrx_word' id='word_1_131' title='bbox 3184 2114 3423 2192; x_wconf 81' lang='lat' dir='ltr'><strong>sensim</strong></span> <span class='ocrx_word' id='word_1_132' title='bbox 3478 2115 3929 2190; x_wconf 86' lang='lat' dir='ltr'><strong>imminutam</strong></span> <span class='ocrx_word' id='word_1_133' title='bbox 3971 2171 3996 2210; x_wconf 88' lang='lat'><strong>,</strong></span> <span class='ocrx_word' id='word_1_134' title='bbox 4068 2137 4147 2193; x_wconf 92' lang='lat' dir='ltr'><strong>ut</strong></span> <span class='ocrx_word' id='word_1_135' title='bbox 4201 2117 4324 2194; x_wconf 79' lang='lat' dir='ltr'><strong>vix</strong></span> 
     </span>
     <span class='ocr_line' id='line_1_16' title="bbox 1359 2212 4322 2319; baseline -0.001 -26"><span class='ocrx_word' id='word_1_136' title='bbox 1359 2216 1605 2293; x_wconf 79' lang='lat' dir='ltr'><strong>umbra</strong></span> <span class='ocrx_word' id='word_1_137' title='bbox 1657 2216 1893 2316; x_wconf 88' lang='lat' dir='ltr'><strong>aliqua</strong></span> <span class='ocrx_word' id='word_1_138' title='bbox 1944 2215 2301 2317; x_wconf 23' lang='lat' dir='ltr'><strong>adpareret.</strong></span> <span class='ocrx_word' id='word_1_139' title='bbox 2349 2275 2375 2295; x_wconf 88' lang='lat'><strong>.</strong></span> <span class='ocrx_word' id='word_1_140' title='bbox 2451 2222 2699 2319; x_wconf 85' lang='lat' dir='ltr'><strong>Itaque</strong></span> <span class='ocrx_word' id='word_1_141' title='bbox 2750 2244 2914 2295; x_wconf 89' lang='lat' dir='ltr'><strong>cum</strong></span> <span class='ocrx_word' id='word_1_142' title='bbox 2967 2216 3237 2294; x_wconf 87' lang='lat' dir='ltr'><strong>saeculo</strong></span> <span class='ocrx_word' id='word_1_143' title='bbox 3293 2217 3469 2292; x_wconf 84' lang='lat' dir='ltr'><strong>XII.</strong></span> <span class='ocrx_word' id='word_1_144' title='bbox 3520 2212 3947 2311; x_wconf 81' lang='lat' dir='ltr'><strong>extitiflent,</strong></span> <span class='ocrx_word' id='word_1_145' title='bbox 3991 2216 4114 2317; x_wconf 83' lang='lat' dir='ltr'><strong>qui</strong></span> <span class='ocrx_word' id='word_1_146' title='bbox 4173 2220 4322 2316; x_wconf 77' lang='lat' dir='ltr'><strong>juta</strong></span> 
     </span>
     <span class='ocr_line' id='line_1_17' title="bbox 1355 2313 4332 2421; baseline 0.001 -28"><span class='ocrx_word' id='word_1_147' title='bbox 1355 2316 1828 2415; x_wconf 87' lang='lat' dir='ltr'><strong>Justinianea,</strong></span> <span class='ocrx_word' id='word_1_148' title='bbox 1877 2341 2261 2419; x_wconf 87' lang='lat' dir='ltr'><strong>eorumque</strong></span> <span class='ocrx_word' id='word_1_149' title='bbox 2311 2320 2603 2421; x_wconf 84' lang='lat' dir='ltr'><strong>Corpus</strong></span> <span class='ocrx_word' id='word_1_150' title='bbox 2656 2343 3105 2413; x_wconf 89' lang='lat' dir='ltr'><strong>enarrarent,</strong></span> <span class='ocrx_word' id='word_1_151' title='bbox 3154 2314 3713 2416; x_wconf 86' lang='lat' dir='ltr'><strong>auditoribusque</strong></span> <span class='ocrx_word' id='word_1_152' title='bbox 3763 2313 3892 2391; x_wconf 87' lang='lat' dir='ltr'><strong>suis</strong></span> <span class='ocrx_word' id='word_1_153' title='bbox 3946 2317 4332 2415; x_wconf 81' lang='lat' dir='ltr'><strong>traderent,</strong></span> 
     </span>
     <span class='ocr_line' id='line_1_18' title="bbox 1356 2418 4329 2522; baseline 0.001 -27"><span class='ocrx_word' id='word_1_154' title='bbox 1356 2418 1707 2517; x_wconf 75' lang='lat' dir='ltr'><strong>essentque</strong></span> <span class='ocrx_word' id='word_1_155' title='bbox 1759 2419 1830 2493; x_wconf 90' lang='lat' dir='ltr'><strong>in</strong></span> <span class='ocrx_word' id='word_1_156' title='bbox 1885 2443 2138 2518; x_wconf 87' lang='lat' dir='ltr'><strong>magna</strong></span> <span class='ocrx_word' id='word_1_157' title='bbox 2186 2419 2544 2498; x_wconf 54' lang='lat' dir='ltr'><strong>doetrinae</strong></span> <span class='ocrx_word' id='word_1_158' title='bbox 2597 2447 2677 2497; x_wconf 91' lang='lat' dir='ltr'><strong>ac</strong></span> <span class='ocrx_word' id='word_1_159' title='bbox 2732 2421 3145 2522; x_wconf 82' lang='lat' dir='ltr'><strong>prudentiae</strong></span> <span class='ocrx_word' id='word_1_160' title='bbox 3190 2418 3746 2513; x_wconf 85' lang='lat' dir='ltr'><strong>existimatione,</strong></span> <span class='ocrx_word' id='word_1_161' title='bbox 3823 2437 3898 2492; x_wconf 90' lang='lat' dir='ltr'><strong>ut</strong></span> <span class='ocrx_word' id='word_1_162' title='bbox 3955 2421 4193 2518; x_wconf 85' lang='lat' dir='ltr'><strong>magni</strong></span> <span class='ocrx_word' id='word_1_163' title='bbox 4243 2421 4329 2498; x_wconf 89' lang='lat' dir='ltr'><strong>ad</strong></span> 
     </span>
     <span class='ocr_line' id='line_1_19' title="bbox 1357 2517 4329 2619; baseline 0.001 -24"><span class='ocrx_word' id='word_1_164' title='bbox 1357 2543 1481 2595; x_wconf 84' lang='lat' dir='ltr'><strong>eos</strong></span> <span class='ocrx_word' id='word_1_165' title='bbox 1528 2518 1900 2595; x_wconf 85' lang='lat' dir='ltr'><strong>audiendos</strong></span> <span class='ocrx_word' id='word_1_166' title='bbox 1951 2518 2312 2597; x_wconf 85' lang='lat' dir='ltr'><strong>concursus</strong></span> <span class='ocrx_word' id='word_1_167' title='bbox 2368 2522 2653 2618; x_wconf 86' lang='lat' dir='ltr'><strong>fierent,</strong></span> <span class='ocrx_word' id='word_1_168' title='bbox 2692 2545 2849 2598; x_wconf 86' lang='lat' dir='ltr'><strong>tum</strong></span> <span class='ocrx_word' id='word_1_169' title='bbox 2902 2547 3073 2598; x_wconf 87' lang='lat' dir='ltr'><strong>vero</strong></span> <span class='ocrx_word' id='word_1_170' title='bbox 3126 2520 3506 2596; x_wconf 65' lang='lat' dir='ltr'><strong>auctoritas</strong></span> <span class='ocrx_word' id='word_1_171' title='bbox 3556 2544 3635 2593; x_wconf 88' lang='lat' dir='ltr'><strong>ac</strong></span> <span class='ocrx_word' id='word_1_172' title='bbox 3690 2517 3792 2594; x_wconf 90' lang='lat' dir='ltr'><strong>vis</strong></span> <span class='ocrx_word' id='word_1_173' title='bbox 3842 2519 3975 2615; x_wconf 88' lang='lat' dir='ltr'><strong>juri</strong></span> <span class='ocrx_word' id='word_1_174' title='bbox 4008 2522 4329 2619; x_wconf 82' lang='lat' dir='ltr'><strong>Justinia·</strong></span> 
     </span>
     <span class='ocr_line' id='line_1_20' title="bbox 1356 2619 4327 2725; baseline 0.002 -30"><span class='ocrx_word' id='word_1_175' title='bbox 1356 2644 1494 2696; x_wconf 87' lang='lat' dir='ltr'><strong>neo</strong></span> <span class='ocrx_word' id='word_1_176' title='bbox 1544 2619 1857 2696; x_wconf 82' lang='lat' dir='ltr'><strong>restituta</strong></span> <span class='ocrx_word' id='word_1_177' title='bbox 1905 2621 2273 2698; x_wconf 83' lang='lat' dir='ltr'><strong>videbatur</strong></span> <span class='ocrx_word' id='word_1_178' title='bbox 2314 2680 2340 2718; x_wconf 88' lang='lat'><strong>,</strong></span> <span class='ocrx_word' id='word_1_179' title='bbox 2391 2625 2786 2725; x_wconf 86' lang='lat' dir='ltr'><strong>iterumque</strong></span> <span class='ocrx_word' id='word_1_180' title='bbox 2842 2649 2987 2700; x_wconf 90' lang='lat' dir='ltr'><strong>non</strong></span> <span class='ocrx_word' id='word_1_181' title='bbox 3042 2621 3263 2700; x_wconf 86' lang='lat' dir='ltr'><strong>solum</strong></span> <span class='ocrx_word' id='word_1_182' title='bbox 3319 2622 3387 2696; x_wconf 88' lang='lat' dir='ltr'><strong>in</strong></span> <span class='ocrx_word' id='word_1_183' title='bbox 3447 2620 3691 2695; x_wconf 82' lang='lat' dir='ltr'><strong>Italiae</strong></span> <span class='ocrx_word' id='word_1_184' title='bbox 3741 2621 3998 2719; x_wconf 86' lang='lat' dir='ltr'><strong>judicia</strong></span> <span class='ocrx_word' id='word_1_185' title='bbox 4047 2622 4327 2702; x_wconf 63' lang='lat' dir='ltr'><strong>reducia</strong></span> 
     </span>
     <span class='ocr_line' id='line_1_21' title="bbox 1350 2719 3856 2825; baseline -0.002 -25"><span class='ocrx_word' id='word_1_186' title='bbox 1350 2720 1449 2800; x_wconf 84' lang='lat' dir='ltr'><strong>est</strong></span> <span class='ocrx_word' id='word_1_187' title='bbox 1483 2778 1512 2817; x_wconf 88' lang='lat'><strong>,</strong></span> <span class='ocrx_word' id='word_1_188' title='bbox 1560 2719 1674 2799; x_wconf 89' lang='lat' dir='ltr'><strong>sed</strong></span> <span class='ocrx_word' id='word_1_189' title='bbox 1721 2722 1938 2799; x_wconf 80' lang='lat' dir='ltr'><strong>etiam</strong></span> <span class='ocrx_word' id='word_1_190' title='bbox 1992 2721 2065 2799; x_wconf 86' lang='lat' dir='ltr'><strong>in</strong></span> <span class='ocrx_word' id='word_1_191' title='bbox 2117 2725 2478 2824; x_wconf 85' lang='lat' dir='ltr'><strong>peregrina</strong></span> <span class='ocrx_word' id='word_1_192' title='bbox 2522 2725 2594 2801; x_wconf 84' lang='grc'><strong>8(</strong></span> <span class='ocrx_word' id='word_1_193' title='bbox 2645 2748 2943 2804; x_wconf 77' lang='lat' dir='ltr'><strong>externa</strong></span> <span class='ocrx_word' id='word_1_194' title='bbox 2990 2747 3205 2823; x_wconf 85' lang='lat' dir='ltr'><strong>regna</strong></span> <span class='ocrx_word' id='word_1_195' title='bbox 3252 2723 3560 2825; x_wconf 84' lang='lat' dir='ltr'><strong>primurn</strong></span> <span class='ocrx_word' id='word_1_196' title='bbox 3612 2721 3856 2797; x_wconf 89' lang='lat' dir='ltr'><strong>illata.</strong></span> 
     </span>
    </p>
   </div>
   <div class='ocr_carea' id='block_1_7' title="bbox 2704 2887 2977 3008">
    <p class='ocr_par' dir='ltr' id='par_1_7' title="bbox 2704 2887 2977 3008">
     <span class='ocr_line' id='line_1_22' title="bbox 2704 2887 2977 3008; baseline -0.004 -24"><span class='ocrx_word' id='word_1_197' title='bbox 2704 2887 2769 3008; x_wconf 61' lang='grc' dir='ltr'><strong>ς.</strong></span> <span class='ocrx_word' id='word_1_198' title='bbox 2874 2906 2977 2984; x_wconf 86' lang='lat' dir='ltr'><strong>v.</strong></span> 
     </span>
    </p>
   </div>
   <div class='ocr_carea' id='block_1_8' title="bbox 1338 3084 4317 4080">
    <p class='ocr_par' dir='ltr' id='par_1_8' title="bbox 1338 3084 4317 4080">
     <span class='ocr_line' id='line_1_23' title="bbox 1449 3084 4308 3190; baseline 0.001 -24"><span class='ocrx_word' id='word_1_199' title='bbox 1449 3085 1725 3167; x_wconf 84' lang='lat' dir='ltr'><strong>Causae</strong></span> <span class='ocrx_word' id='word_1_200' title='bbox 1777 3107 2015 3185; x_wconf 84' lang='lat' dir='ltr'><strong>autem</strong></span> <span class='ocrx_word' id='word_1_201' title='bbox 2067 3090 2220 3189; x_wconf 82' lang='lat' dir='ltr'><strong>ejus·</strong></span> <span class='ocrx_word' id='word_1_202' title='bbox 2262 3088 2360 3168; x_wconf 86' lang='lat' dir='ltr'><strong>rei</strong></span> <span class='ocrx_word' id='word_1_203' title='bbox 2413 3089 2606 3168; x_wconf 85' lang='lat' dir='ltr'><strong>varie</strong></span> <span class='ocrx_word' id='word_1_204' title='bbox 2653 3089 2993 3169; x_wconf 89' lang='lat' dir='ltr'><strong>eduntur.</strong></span> <span class='ocrx_word' id='word_1_205' title='bbox 3026 3087 3368 3190; x_wconf 87' lang='lat' dir='ltr'><strong>Namque</strong></span> <span class='ocrx_word' id='word_1_206' title='bbox 3417 3084 3780 3184; x_wconf 83' lang='lat' dir='ltr'><strong>nonnulli,</strong></span> <span class='ocrx_word' id='word_1_207' title='bbox 3830 3086 4151 3168; x_wconf 84' lang='lat' dir='ltr'><strong>Lotharii</strong></span> <span class='ocrx_word' id='word_1_208' title='bbox 4213 3090 4308 3169; x_wconf 87' lang='lat'><strong>11.</strong></span> 
     </span>
     <span class='ocr_line' id='line_1_24' title="bbox 1348 3187 4316 3292; baseline 0.002 -27"><span class='ocrx_word' id='word_1_209' title='bbox 1348 3187 1792 3292; x_wconf 90' lang='lat' dir='ltr'><strong>Imperatoris</strong></span> <span class='ocrx_word' id='word_1_210' title='bbox 1842 3191 2375 3270; x_wconf 88' lang='lat' dir='ltr'><strong>Constitutione</strong></span> <span class='ocrx_word' id='word_1_211' title='bbox 2448 3194 2522 3271; x_wconf 91' lang='lat' dir='ltr'><strong>in</strong></span> <span class='ocrx_word' id='word_1_212' title='bbox 2577 3194 2783 3271; x_wconf 86' lang='lat' dir='ltr'><strong>Italia</strong></span> <span class='ocrx_word' id='word_1_213' title='bbox 2835 3190 3040 3291; x_wconf 82' lang='lat' dir='ltr'><strong>juffos</strong></span> <span class='ocrx_word' id='word_1_214' title='bbox 3090 3189 3283 3268; x_wconf 83' lang='lat' dir='ltr'><strong>fuifle</strong></span> <span class='ocrx_word' id='word_1_215' title='bbox 3333 3189 3665 3291; x_wconf 83' lang='lat' dir='ltr'><strong>quosdam</strong></span> <span class='ocrx_word' id='word_1_216' title='bbox 3697 3248 3723 3287; x_wconf 86' lang='lat'><strong>,</strong></span> <span class='ocrx_word' id='word_1_217' title='bbox 3770 3189 4055 3286; x_wconf 85' lang='lat' dir='ltr'><strong>docere,</strong></span> <span class='ocrx_word' id='word_1_218' title='bbox 4108 3193 4316 3271; x_wconf 84' lang='lat' dir='ltr'><strong>inter·</strong></span> 
     </span>
     <span class='ocr_line' id='line_1_25' title="bbox 1342 3292 4317 3394; baseline 0.002 -29"><span class='ocrx_word' id='word_1_219' title='bbox 1342 3292 1734 3393; x_wconf 85' lang='lat' dir='ltr'><strong>p&#39;retariq-ue</strong></span> <span class='ocrx_word' id='word_1_220' title='bbox 1790 3296 1913 3391; x_wconf 89' lang='lat' dir='ltr'><strong>Jus</strong></span> <span class='ocrx_word' id='word_1_221' title='bbox 1966 3293 2511 3391; x_wconf 87' lang='lat' dir='ltr'><strong>Justinianeum,</strong></span> <span class='ocrx_word' id='word_1_222' title='bbox 2564 3294 2723 3371; x_wconf 88' lang='lat' dir='ltr'><strong>huic</strong></span> <span class='ocrx_word' id='word_1_223' title='bbox 2777 3321 2861 3372; x_wconf 91' lang='lat' dir='ltr'><strong>ue</strong></span> <span class='ocrx_word' id='word_1_224' title='bbox 2913 3294 3042 3390; x_wconf 87' lang='lat' dir='ltr'><strong>juri</strong></span> <span class='ocrx_word' id='word_1_225' title='bbox 3096 3292 3260 3389; x_wconf 86' lang='lat' dir='ltr'><strong>soli,</strong></span> <span class='ocrx_word' id='word_1_226' title='bbox 3313 3293 3658 3389; x_wconf 79' lang='lat' dir='ltr'><strong>abrogatis</strong></span> <span class='ocrx_word' id='word_1_227' title='bbox 3711 3294 3952 3370; x_wconf 87' lang='lat' dir='ltr'><strong>ceteris</strong></span> <span class='ocrx_word' id='word_1_228' title='bbox 4009 3294 4317 3394; x_wconf 84' lang='lat' dir='ltr'><strong>legibus,</strong></span> 
     </span>
     <span class='ocr_line' id='line_1_26' title="bbox 1341 3392 4295 3493; baseline 0.002 -26"><span class='ocrx_word' id='word_1_229' title='bbox 1341 3392 1836 3472; x_wconf 62' lang='lat' dir='ltr'><strong>aucloritatem</strong></span> <span class='ocrx_word' id='word_1_230' title='bbox 1953 3392 2266 3471; x_wconf 86' lang='lat' dir='ltr'><strong>statuunt</strong></span> <span class='ocrx_word' id='word_1_231' title='bbox 2346 3396 2585 3472; x_wconf 86' lang='lat' dir='ltr'><strong>datam</strong></span> <span class='ocrx_word' id='word_1_232' title='bbox 2660 3398 2688 3493; x_wconf 91' lang='lat'>[</span> <span class='ocrx_word' id='word_1_233' title='bbox 2786 3395 2857 3491; x_wconf 91' lang='lat'><strong>].</strong></span> <span class='ocrx_word' id='word_1_234' title='bbox 2912 3395 3061 3471; x_wconf 84' lang='lat' dir='ltr'><strong>Alii</strong></span> <span class='ocrx_word' id='word_1_235' title='bbox 3128 3416 3303 3470; x_wconf 86' lang='lat' dir='ltr'><strong>vero</strong></span> <span class='ocrx_word' id='word_1_236' title='bbox 3349 3393 3745 3470; x_wconf 82' lang='lat' dir='ltr'><strong>existimant</strong></span> <span class='ocrx_word' id='word_1_237' title='bbox 3777 3452 3799 3489; x_wconf 91' lang='lat'>‚</span> <span class='ocrx_word' id='word_1_238' title='bbox 3872 3395 4171 3487; x_wconf 80' lang='lat' dir='ltr'><strong>invento</strong></span> <span class='ocrx_word' id='word_1_239' title='bbox 4217 3398 4295 3473; x_wconf 82' lang='lat' dir='ltr'><strong>in</strong></span> 
     </span>
     <span class='ocr_line' id='line_1_27' title="bbox 1338 3493 4299 3596; baseline 0.001 -25"><span class='ocrx_word' id='word_1_240' title='bbox 1338 3493 1555 3571; x_wconf 90' lang='lat' dir='ltr'><strong>Amal</strong></span> <span class='ocrx_word' id='word_1_241' title='bbox 1610 3495 1850 3589; x_wconf 85' lang='lat' dir='ltr'><strong>hitana</strong></span> <span class='ocrx_word' id='word_1_242' title='bbox 1900 3497 2419 3596; x_wconf 81' lang='lat' dir='ltr'><strong>expugnatione</strong></span> <span class='ocrx_word' id='word_1_243' title='bbox 2473 3495 2976 3573; x_wconf 66' lang='lat' dir='ltr'><strong>PandeEIarum</strong></span> <span class='ocrx_word' id='word_1_244' title='bbox 2999 3554 3025 3591; x_wconf 89' lang='lat'><strong>,</strong></span> <span class='ocrx_word' id='word_1_245' title='bbox 3126 3495 3262 3572; x_wconf 85' lang='lat' dir='ltr'><strong>uod</strong></span> <span class='ocrx_word' id='word_1_246' title='bbox 3315 3521 3500 3571; x_wconf 88' lang='lat' dir='ltr'><strong>nunc</strong></span> <span class='ocrx_word' id='word_1_247' title='bbox 3557 3495 3946 3572; x_wconf 87' lang='lat' dir='ltr'><strong>Florentiae</strong></span> <span class='ocrx_word' id='word_1_248' title='bbox 4001 3494 4098 3571; x_wconf 87' lang='lat' dir='ltr'><strong>est</strong></span> <span class='ocrx_word' id='word_1_249' title='bbox 4136 3553 4164 3592; x_wconf 90' lang='lat'><strong>,</strong></span> <span class='ocrx_word' id='word_1_250' title='bbox 4228 3523 4299 3575; x_wconf 89' lang='lat' dir='ltr'><strong>e-</strong></span> 
     </span>
     <span class='ocr_line' id='line_1_28' title="bbox 1341 3594 4301 3700; baseline 0.003 -31"><span class='ocrx_word' id='word_1_251' title='bbox 1341 3619 1507 3670; x_wconf 82' lang='lat' dir='ltr'><strong>xem</strong></span> <span class='ocrx_word' id='word_1_252' title='bbox 1586 3623 1631 3672; x_wconf 93' lang='lat' dir='ltr'><strong>o</strong></span> <span class='ocrx_word' id='word_1_253' title='bbox 1665 3654 1691 3692; x_wconf 92' lang='lat'><strong>,</strong></span> <span class='ocrx_word' id='word_1_254' title='bbox 1740 3595 2067 3673; x_wconf 67' lang='lat' dir='ltr'><strong>effecium</strong></span> <span class='ocrx_word' id='word_1_255' title='bbox 2121 3597 2291 3674; x_wconf 91' lang='lat' dir='ltr'><strong>illud</strong></span> <span class='ocrx_word' id='word_1_256' title='bbox 2342 3597 2522 3694; x_wconf 86' lang='lat' dir='ltr'><strong>esse,</strong></span> <span class='ocrx_word' id='word_1_257' title='bbox 2571 3597 3009 3700; x_wconf 87' lang='lat' dir='ltr'><strong>studiumque</strong></span> <span class='ocrx_word' id='word_1_258' title='bbox 3061 3596 3235 3674; x_wconf 86' lang='lat' dir='ltr'><strong>ilud</strong></span> <span class='ocrx_word' id='word_1_259' title='bbox 3286 3594 3656 3674; x_wconf 84' lang='lat' dir='ltr'><strong>refloruiffe</strong></span> <span class='ocrx_word' id='word_1_260' title='bbox 3692 3655 3720 3692; x_wconf 86' lang='lat'><strong>,</strong></span> <span class='ocrx_word' id='word_1_261' title='bbox 3796 3597 3911 3673; x_wconf 85' lang='lat' dir='ltr'><strong>vel</strong></span> <span class='ocrx_word' id='word_1_262' title='bbox 3959 3597 4180 3674; x_wconf 86' lang='lat' dir='ltr'><strong>etiam</strong></span> <span class='ocrx_word' id='word_1_263' title='bbox 4230 3598 4301 3677; x_wconf 88' lang='lat' dir='ltr'><strong>id</strong></span> 
     </span>
     <span class='ocr_line' id='line_1_29' title="bbox 1339 3695 4306 3799; baseline 0.002 -29"><span class='ocrx_word' id='word_1_264' title='bbox 1339 3695 1489 3770; x_wconf 92' lang='lat' dir='ltr'><strong>Pan</strong></span> <span class='ocrx_word' id='word_1_265' title='bbox 1539 3696 1849 3774; x_wconf 62' lang='lat' dir='ltr'><strong>efflatum</strong></span> <span class='ocrx_word' id='word_1_266' title='bbox 1900 3698 2307 3799; x_wconf 84' lang='lat' dir='ltr'><strong>exemplum</strong></span> <span class='ocrx_word' id='word_1_267' title='bbox 2359 3699 2793 3778; x_wconf 69' lang='lat' dir='ltr'><strong>occasionem</strong></span> <span class='ocrx_word' id='word_1_268' title='bbox 2844 3699 3091 3778; x_wconf 83' lang='lat' dir='ltr'><strong>dediffe</strong></span> <span class='ocrx_word' id='word_1_269' title='bbox 3146 3719 3223 3776; x_wconf 94' lang='lat' dir='ltr'><strong>ut</strong></span> <span class='ocrx_word' id='word_1_270' title='bbox 3282 3699 3451 3775; x_wconf 87' lang='lat' dir='ltr'><strong>ICti</strong></span> <span class='ocrx_word' id='word_1_271' title='bbox 3504 3698 3801 3798; x_wconf 87' lang='lat' dir='ltr'><strong>Digesta</strong></span> <span class='ocrx_word' id='word_1_272' title='bbox 3850 3721 4244 3777; x_wconf 80' lang='lat' dir='ltr'><strong>enarrarent</strong></span> <span class='ocrx_word' id='word_1_273' title='bbox 4279 3754 4306 3797; x_wconf 91' lang='lat'><strong>,</strong></span> 
     </span>
     <span class='ocr_line' id='line_1_30' title="bbox 1341 3795 4314 3915; baseline 0.003 -45"><span class='ocrx_word' id='word_1_274' title='bbox 1341 3795 1459 3871; x_wconf 85' lang='lat' dir='ltr'><strong>vel</strong></span> <span class='ocrx_word' id='word_1_275' title='bbox 1516 3817 1592 3874; x_wconf 92' lang='lat' dir='ltr'><strong>ut</strong></span> <span class='ocrx_word' id='word_1_276' title='bbox 1645 3798 2018 3877; x_wconf 86' lang='lat' dir='ltr'><strong>Lotharius</strong></span> <span class='ocrx_word' id='word_1_277' title='bbox 2072 3803 2255 3903; x_wconf 89' lang='lat' dir='ltr'><strong>Imp.</strong></span> <span class='ocrx_word' id='word_1_278' title='bbox 2303 3802 2467 3900; x_wconf 86' lang='lat' dir='ltr'><strong>juris</strong></span> <span class='ocrx_word' id='word_1_279' title='bbox 2519 3802 2831 3879; x_wconf 84' lang='lat' dir='ltr'><strong>Romani</strong></span> <span class='ocrx_word' id='word_1_280' title='bbox 2888 3801 3185 3879; x_wconf 89' lang='lat' dir='ltr'><strong>studium</strong></span> <span class='ocrx_word' id='word_1_281' title='bbox 3242 3800 3657 3901; x_wconf 86' lang='lat' dir='ltr'><strong>praeciperet</strong></span> <span class='ocrx_word' id='word_1_282' title='bbox 3704 3857 3725 3877; x_wconf 93' lang='lat'><strong>.</strong></span> <span class='ocrx_word' id='word_1_283' title='bbox 3808 3800 3944 3878; x_wconf 90' lang='lat' dir='ltr'><strong>Sed</strong></span> <span class='ocrx_word' id='word_1_284' title='bbox 3999 3800 4182 3915; x_wconf 87' lang='lat' dir='ltr'><strong>prior</strong></span> <span class='ocrx_word' id='word_1_285' title='bbox 4232 3800 4314 3878; x_wconf 82' lang='lat' dir='ltr'><strong>il-</strong></span> 
     </span>
     <span class='ocr_line' id='line_1_31' title="bbox 1339 3894 4305 4080; baseline 0 -101"><span class='ocrx_word' id='word_1_286' title='bbox 1339 3894 1411 3979; x_wconf 82' lang='lat' dir='ltr'><strong>la</strong></span> <span class='ocrx_word' id='word_1_287' title='bbox 1462 3897 1662 3976; x_wconf 88' lang='lat' dir='ltr'><strong>causa</strong></span> <span class='ocrx_word' id='word_1_288' title='bbox 1707 3901 2020 4001; x_wconf 87' lang='lat' dir='ltr'><strong>arguitur</strong></span> <span class='ocrx_word' id='word_1_289' title='bbox 2070 3901 2229 3980; x_wconf 89' lang='lat' dir='ltr'><strong>inde</strong></span> <span class='ocrx_word' id='word_1_290' title='bbox 2283 3902 2478 4003; x_wconf 80' lang='lat' dir='ltr'><strong>[e]‚</strong></span> <span class='ocrx_word' id='word_1_291' title='bbox 2527 3902 2720 4005; x_wconf 89' lang='lat' dir='ltr'><strong>quod</strong></span> <span class='ocrx_word' id='word_1_292' title='bbox 2773 3929 2995 4006; x_wconf 86' lang='lat' dir='ltr'><strong>neque</strong></span> <span class='ocrx_word' id='word_1_293' title='bbox 3050 3901 3497 3990; x_wconf 88' lang='lat' dir='ltr'><strong>Constitutio</strong></span> <span class='ocrx_word' id='word_1_294' title='bbox 3549 3901 3670 3977; x_wconf 90' lang='lat' dir='ltr'><strong>illa</strong></span> <span class='ocrx_word' id='word_1_295' title='bbox 3702 3901 4182 4080; x_wconf 33' lang='lat' dir='ltr'><strong>Lothariid‘IL</strong></span> <span class='ocrx_word' id='word_1_296' title='bbox 4238 3928 4305 3979; x_wconf 92' lang='lat' dir='ltr'><strong>e·</strong></span> 
     </span>
    </p>

    <p class='ocr_par' dir='ltr' id='par_1_9' title="bbox 1645 4023 4202 4079">
     <span class='ocr_line' id='line_1_32' title="bbox 1645 4023 4202 4079; baseline 0.001 -2"><span class='ocrx_word' id='word_1_297' title='bbox 1645 4050 1650 4057; x_wconf 94' lang='lat'>-</span> <span class='ocrx_word' id='word_1_298' title='bbox 4058 4023 4202 4079; x_wconf 80' lang='lat' dir='ltr'><strong>itur</strong></span> 
     </span>
    </p>
   </div>
   <div class='ocr_carea' id='block_1_9' title="bbox 1334 4125 4317 4307">
    <p class='ocr_par' dir='ltr' id='par_1_10' title="bbox 1334 4125 4317 4307">
     <span class='ocr_line' id='line_1_33' title="bbox 1334 4125 4317 4229; baseline 0.006 -39"><span class='ocrx_word' id='word_1_299' title='bbox 1334 4125 1455 4215; x_wconf 84' lang='lat' dir='ltr'><strong>[b]</strong></span> <span class='ocrx_word' id='word_1_300' title='bbox 1498 4130 1630 4224; x_wconf 61' lang='lat' dir='ltr'><strong>Lfg.</strong></span> <span class='ocrx_word' id='word_1_301' title='bbox 1671 4131 2009 4214; x_wconf 80' lang='lat' dir='ltr'><strong>Langobard.</strong></span> <span class='ocrx_word' id='word_1_302' title='bbox 2040 4134 2163 4197; x_wconf 87' lang='lat' dir='ltr'><strong>Lib.</strong></span> <span class='ocrx_word' id='word_1_303' title='bbox 2207 4134 2298 4198; x_wconf 84' lang='lat'><strong>11.</strong></span> <span class='ocrx_word' id='word_1_304' title='bbox 2334 4136 2430 4197; x_wconf 82' lang='lat' dir='ltr'><strong>tit.</strong></span> <span class='ocrx_word' id='word_1_305' title='bbox 2472 4138 2566 4215; x_wconf 80' lang='lat'><strong>56.</strong></span> <span class='ocrx_word' id='word_1_306' title='bbox 2599 4137 2808 4204; x_wconf 76' lang='lat' dir='ltr'><strong>Baluz.</strong></span> <span class='ocrx_word' id='word_1_307' title='bbox 2934 4136 3293 4223; x_wconf 69' lang='lat' dir='ltr'><strong>Lindenbrog.</strong></span> <span class='ocrx_word' id='word_1_308' title='bbox 3332 4141 3392 4204; x_wconf 88' lang='lat' dir='ltr'><strong>in</strong></span> <span class='ocrx_word' id='word_1_309' title='bbox 3424 4140 3611 4217; x_wconf 76' lang='lat' dir='ltr'><strong>Prael‘.</strong></span> <span class='ocrx_word' id='word_1_310' title='bbox 3646 4141 3725 4203; x_wconf 74' lang='lat' dir='ltr'><strong>ad</strong></span> <span class='ocrx_word' id='word_1_311' title='bbox 3754 4145 3895 4206; x_wconf 77' lang='lat' dir='ltr'><strong>cod.</strong></span> <span class='ocrx_word' id='word_1_312' title='bbox 3932 4151 4065 4229; x_wconf 77' lang='lat' dir='ltr'><strong>Leg.</strong></span> <span class='ocrx_word' id='word_1_313' title='bbox 4105 4144 4317 4224; x_wconf 73' lang='lat' dir='ltr'><strong>antiqu..</strong></span> 
     </span>
     <span class='ocr_line' id='line_1_34' title="bbox 1413 4212 4315 4307; baseline 0.006 -34"><span class='ocrx_word' id='word_1_314' title='bbox 1413 4212 1725 4292; x_wconf 71' lang='lat' dir='ltr'><strong>Gapuular.</strong></span> <span class='ocrx_word' id='word_1_315' title='bbox 1774 4219 1911 4296; x_wconf 85' lang='lat' dir='ltr'><strong>Reg.</strong></span> <span class='ocrx_word' id='word_1_316' title='bbox 1955 4220 2206 4279; x_wconf 75' lang='lat' dir='ltr'><strong>francor.</strong></span> <span class='ocrx_word' id='word_1_317' title='bbox 2237 4221 2314 4277; x_wconf 89' lang='lat' dir='ltr'><strong>T.</strong></span> <span class='ocrx_word' id='word_1_318' title='bbox 2360 4217 2412 4278; x_wconf 90' lang='lat' dir='ltr'><strong>I.</strong></span> <span class='ocrx_word' id='word_1_319' title='bbox 2428 4235 2490 4298; x_wconf 83' lang='lat' dir='ltr'><strong>p.</strong></span> <span class='ocrx_word' id='word_1_320' title='bbox 2518 4239 2657 4298; x_wconf 80' lang='lat'><strong>345.</strong></span> <span class='ocrx_word' id='word_1_321' title='bbox 2673 4219 2804 4300; x_wconf 88' lang='lat' dir='ltr'><strong>sqq.</strong></span> <span class='ocrx_word' id='word_1_322' title='bbox 2931 4222 3143 4286; x_wconf 82' lang='lat' dir='ltr'><strong>deinde</strong></span> <span class='ocrx_word' id='word_1_323' title='bbox 3205 4226 3398 4305; x_wconf 69' lang='lat' dir='ltr'><strong>Geor-g.</strong></span> <span class='ocrx_word' id='word_1_324' title='bbox 3484 4225 3737 4287; x_wconf 73' lang='lat' dir='ltr'><strong>Cale&#39;xtus</strong></span> <span class='ocrx_word' id='word_1_325' title='bbox 3806 4230 4045 4307; x_wconf 81' lang='lat' dir='ltr'><strong>Epitom.</strong></span> <span class='ocrx_word' id='word_1_326' title='bbox 4121 4222 4315 4290; x_wconf 71' lang='lat' dir='ltr'><strong>Theoi.</strong></span> 
     </span>
    </p>
   </div>
   <div class='ocr_carea' id='block_1_10' title="bbox 1330 4286 4319 4547">
    <p class='ocr_par' dir='ltr' id='par_1_11' title="bbox 1330 4286 4319 4547">
     <span class='ocr_line' id='line_1_35' title="bbox 1389 4286 4319 4386; baseline 0.003 -32"><span class='ocrx_word' id='word_1_327' title='bbox 1389 4286 1490 4367; x_wconf 22' lang='lat' dir='ltr'><strong>fles.</strong></span> <span class='ocrx_word' id='word_1_328' title='bbox 1531 4295 1748 4386; x_wconf 60' lang='lat' dir='ltr'><strong>Config,</strong></span> <span class='ocrx_word' id='word_1_329' title='bbox 1791 4295 1859 4355; x_wconf 88' lang='lat' dir='ltr'><strong>de</strong></span> <span class='ocrx_word' id='word_1_330' title='bbox 1895 4297 2053 4378; x_wconf 83' lang='lat' dir='ltr'><strong>Orig.</strong></span> <span class='ocrx_word' id='word_1_331' title='bbox 2088 4300 2221 4377; x_wconf 80' lang='lat' dir='ltr'><strong>Jur.</strong></span> <span class='ocrx_word' id='word_1_332' title='bbox 2264 4300 2452 4359; x_wconf 83' lang='lat' dir='ltr'><strong>Germ.</strong></span> <span class='ocrx_word' id='word_1_333' title='bbox 2491 4322 2539 4360; x_wconf 88' lang='lat' dir='ltr'><strong>c.</strong></span> <span class='ocrx_word' id='word_1_334' title='bbox 2585 4321 2682 4362; x_wconf 92' lang='lat'><strong>20.</strong></span> <span class='ocrx_word' id='word_1_335' title='bbox 2932 4304 3141 4362; x_wconf 82' lang='lat' dir='ltr'><strong>Moral.</strong></span> <span class='ocrx_word' id='word_1_336' title='bbox 3219 4346 3234 4365; x_wconf 92' lang='lat'><strong>.</strong></span> <span class='ocrx_word' id='word_1_337' title='bbox 3290 4324 3422 4366; x_wconf 82' lang='lat'><strong>112.</strong></span> <span class='ocrx_word' id='word_1_338' title='bbox 3470 4304 3698 4381; x_wconf 80' lang='lat' dir='ltr'><strong>Quibus</strong></span> <span class='ocrx_word' id='word_1_339' title='bbox 3729 4327 3865 4370; x_wconf 86' lang='lat' dir='ltr'><strong>curn</strong></span> <span class='ocrx_word' id='word_1_340' title='bbox 3901 4306 4181 4370; x_wconf 77' lang='lat' dir='ltr'><strong>Barthold.</strong></span> <span class='ocrx_word' id='word_1_341' title='bbox 4209 4306 4319 4366; x_wconf 77' lang='lat' dir='ltr'><strong>Ni..</strong></span> 
     </span>
     <span class='ocr_line' id='line_1_36' title="bbox 1330 4321 4315 4465; baseline 0.005 -30"><span class='ocrx_word' id='word_1_342' title='bbox 1330 4369 1451 4455; x_wconf 76' lang='lat' dir='ltr'><strong>[c]</strong></span> <span class='ocrx_word' id='word_1_343' title='bbox 1494 4376 1750 4455; x_wconf 80' lang='lat' dir='ltr'><strong>Conrmg.</strong></span> <span class='ocrx_word' id='word_1_344' title='bbox 1792 4376 1833 4438; x_wconf 89' lang='lat'><strong>1.</strong></span> <span class='ocrx_word' id='word_1_345' title='bbox 1880 4398 1932 4439; x_wconf 92' lang='lat' dir='ltr'><strong>c.</strong></span> <span class='ocrx_word' id='word_1_346' title='bbox 1975 4381 2164 4439; x_wconf 79' lang='lat' dir='ltr'><strong>Petrus</strong></span> <span class='ocrx_word' id='word_1_347' title='bbox 2204 4379 2271 4437; x_wconf 80' lang='lat' dir='ltr'><strong>de</strong></span> <span class='ocrx_word' id='word_1_348' title='bbox 2311 4383 2512 4440; x_wconf 80' lang='lat' dir='ltr'><strong>Marca</strong></span> <span class='ocrx_word' id='word_1_349' title='bbox 2550 4381 2622 4442; x_wconf 88' lang='lat' dir='ltr'><strong>de</strong></span> <span class='ocrx_word' id='word_1_350' title='bbox 2663 4386 2804 4442; x_wconf 86' lang='lat' dir='ltr'><strong>Con·</strong></span> <span class='ocrx_word' id='word_1_351' title='bbox 2935 4381 3115 4456; x_wconf 70' lang='lat' dir='ltr'><strong>husius</strong></span> <span class='ocrx_word' id='word_1_352' title='bbox 3162 4321 3491 4448; x_wconf 52' lang='lat' dir='ltr'><strong>gtisfacere</strong></span> <span class='ocrx_word' id='word_1_353' title='bbox 3530 4387 3747 4449; x_wconf 85' lang='lat' dir='ltr'><strong>acriter</strong></span> <span class='ocrx_word' id='word_1_354' title='bbox 3768 4390 4141 4465; x_wconf 73' lang='lat' dir='ltr'><strong>tetendisset,</strong></span> <span class='ocrx_word' id='word_1_355' title='bbox 4187 4406 4315 4450; x_wconf 84' lang='lat' dir='ltr'><strong>tan-</strong></span> 
     </span>
     <span class='ocr_line' id='line_1_37' title="bbox 1419 4454 4316 4547; baseline 0.006 -34"><span class='ocrx_word' id='word_1_356' title='bbox 1419 4454 1560 4515; x_wconf 85' lang='lat' dir='ltr'><strong>cord.</strong></span> <span class='ocrx_word' id='word_1_357' title='bbox 1606 4455 1819 4517; x_wconf 79' lang='lat' dir='ltr'><strong>sacerd.</strong></span> <span class='ocrx_word' id='word_1_358' title='bbox 1862 4454 1941 4520; x_wconf 66' lang='lat'><strong>&amp;¹</strong></span> <span class='ocrx_word' id='word_1_359' title='bbox 1985 4459 2129 4539; x_wconf 87' lang='lat' dir='ltr'><strong>Imp.</strong></span> <span class='ocrx_word' id='word_1_360' title='bbox 2188 4459 2315 4521; x_wconf 89' lang='lat'><strong>111.</strong></span> <span class='ocrx_word' id='word_1_361' title='bbox 2367 4461 2424 4521; x_wconf 86' lang='lat'><strong>6.</strong></span> <span class='ocrx_word' id='word_1_362' title='bbox 2472 4481 2528 4522; x_wconf 88' lang='lat'><strong>2.</strong></span> <span class='ocrx_word' id='word_1_363' title='bbox 2933 4464 3066 4526; x_wconf 89' lang='lat' dir='ltr'><strong>dem</strong></span> <span class='ocrx_word' id='word_1_364' title='bbox 3113 4468 3192 4526; x_wconf 88' lang='lat' dir='ltr'><strong>H.</strong></span> <span class='ocrx_word' id='word_1_365' title='bbox 3236 4470 3560 4547; x_wconf 79' lang='lat' dir='ltr'><strong>conringius</strong></span> <span class='ocrx_word' id='word_1_366' title='bbox 3618 4484 3810 4532; x_wconf 85' lang='lat' dir='ltr'><strong>totam</strong></span> <span class='ocrx_word' id='word_1_367' title='bbox 3867 4471 4037 4534; x_wconf 84' lang='lat' dir='ltr'><strong>istam</strong></span> <span class='ocrx_word' id='word_1_368' title='bbox 4086 4469 4316 4531; x_wconf 81' lang='lat' dir='ltr'><strong>senten-</strong></span> 
     </span>
    </p>
   </div>
   <div class='ocr_carea' id='block_1_11' title="bbox 1305 4530 4316 4939">
    <p class='ocr_par' dir='ltr' id='par_1_12' title="bbox 1305 4530 4316 4917">
     <span class='ocr_line' id='line_1_38' title="bbox 1334 4530 4316 4636; baseline 0.006 -40"><span class='ocrx_word' id='word_1_369' title='bbox 1334 4530 1461 4615; x_wconf 83' lang='lat' dir='ltr'><strong>[d]</strong></span> <span class='ocrx_word' id='word_1_370' title='bbox 1503 4537 1568 4597; x_wconf 70' lang='lat' dir='ltr'><strong>ss·</strong></span> <span class='ocrx_word' id='word_1_371' title='bbox 1599 4557 1683 4597; x_wconf 85' lang='lat' dir='ltr'><strong>on.</strong></span> <span class='ocrx_word' id='word_1_372' title='bbox 1722 4538 1790 4596; x_wconf 82' lang='lat' dir='ltr'><strong>de</strong></span> <span class='ocrx_word' id='word_1_373' title='bbox 1837 4542 1924 4598; x_wconf 85' lang='lat' dir='ltr'><strong>Re</strong></span> <span class='ocrx_word' id='word_1_374' title='bbox 1956 4562 2012 4601; x_wconf 89' lang='lat' dir='ltr'><strong>n.</strong></span> <span class='ocrx_word' id='word_1_375' title='bbox 2063 4541 2191 4603; x_wconf 81' lang='lat' dir='ltr'><strong>Ital.</strong></span> <span class='ocrx_word' id='word_1_376' title='bbox 2232 4541 2344 4602; x_wconf 87' lang='lat' dir='ltr'><strong>XI.</strong></span> <span class='ocrx_word' id='word_1_377' title='bbox 2366 4538 2473 4617; x_wconf 84' lang='lat' dir='ltr'><strong>fin.</strong></span> <span class='ocrx_word' id='word_1_378' title='bbox 2508 4543 2806 4606; x_wconf 78' lang='lat' dir='ltr'><strong>Pancirou.</strong></span> <span class='ocrx_word' id='word_1_379' title='bbox 2934 4547 3085 4606; x_wconf 86' lang='lat' dir='ltr'><strong>tiam</strong></span> <span class='ocrx_word' id='word_1_380' title='bbox 3128 4547 3363 4627; x_wconf 75' lang='lat' dir='ltr'><strong>penitus</strong></span> <span class='ocrx_word' id='word_1_381' title='bbox 3418 4550 3598 4617; x_wconf 71' lang='lat' dir='ltr'><strong>eiecit</strong></span> <span class='ocrx_word' id='word_1_382' title='bbox 3666 4572 3804 4613; x_wconf 85' lang='lat' dir='ltr'><strong>cum</strong></span> <span class='ocrx_word' id='word_1_383' title='bbox 3873 4552 3935 4613; x_wconf 87' lang='lat' dir='ltr'><strong>in</strong></span> <span class='ocrx_word' id='word_1_384' title='bbox 3991 4549 4171 4636; x_wconf 78' lang='lat' dir='ltr'><strong>praes.</strong></span> <span class='ocrx_word' id='word_1_385' title='bbox 4241 4549 4316 4613; x_wconf 77' lang='lat' dir='ltr'><strong>ad</strong></span> 
     </span>
     <span class='ocr_line' id='line_1_39' title="bbox 1305 4558 4316 4714; baseline 0.006 -39"><span class='ocrx_word' id='word_1_386' title='bbox 1305 4673 1308 4676; x_wconf 87' lang='grc'><strong>,</strong></span> <span class='ocrx_word' id='word_1_387' title='bbox 1410 4615 1481 4676; x_wconf 85' lang='lat' dir='ltr'><strong>de</strong></span> <span class='ocrx_word' id='word_1_388' title='bbox 1521 4558 1682 4710; x_wconf 54' lang='lat' dir='ltr'><strong>cfarf&#39;s</strong></span> <span class='ocrx_word' id='word_1_389' title='bbox 1720 4562 2126 4714; x_wconf 42' lang='lat' dir='ltr'><strong>Ity-fingam..</strong></span> <span class='ocrx_word' id='word_1_390' title='bbox 2191 4622 2279 4683; x_wconf 83' lang='grc' dir='ltr'><strong>ΙΙ.</strong></span> <span class='ocrx_word' id='word_1_391' title='bbox 2330 4642 2388 4702; x_wconf 79' lang='lat'><strong>3.</strong></span> <span class='ocrx_word' id='word_1_392' title='bbox 2452 4625 2514 4685; x_wconf 84' lang='lat'>&amp;</span> <span class='ocrx_word' id='word_1_393' title='bbox 2563 4643 2660 4703; x_wconf 84' lang='lat'><strong>23.</strong></span> <span class='ocrx_word' id='word_1_394' title='bbox 2703 4626 2805 4685; x_wconf 82' lang='lat' dir='ltr'><strong>Gi·</strong></span> <span class='ocrx_word' id='word_1_395' title='bbox 2936 4629 3094 4707; x_wconf 79' lang='lat' dir='ltr'><strong>Orig.</strong></span> <span class='ocrx_word' id='word_1_396' title='bbox 3127 4632 3258 4706; x_wconf 81' lang='lat' dir='ltr'><strong>Jur.</strong></span> <span class='ocrx_word' id='word_1_397' title='bbox 3297 4632 3481 4690; x_wconf 82' lang='lat' dir='ltr'><strong>Germ.</strong></span> <span class='ocrx_word' id='word_1_398' title='bbox 3511 4648 3640 4692; x_wconf 87' lang='lat' dir='ltr'><strong>tum</strong></span> <span class='ocrx_word' id='word_1_399' title='bbox 3683 4632 3748 4693; x_wconf 86' lang='lat' dir='ltr'><strong>in</strong></span> <span class='ocrx_word' id='word_1_400' title='bbox 3814 4633 3974 4713; x_wconf 77' lang='lat' dir='ltr'><strong>Orig.</strong></span> <span class='ocrx_word' id='word_1_401' title='bbox 4022 4636 4210 4697; x_wconf 80' lang='lat' dir='ltr'><strong>Germ.</strong></span> <span class='ocrx_word' id='word_1_402' title='bbox 4262 4650 4316 4693; x_wconf 77' lang='grc' dir='ltr'><strong>ι’.</strong></span> 
     </span>
     <span class='ocr_line' id='line_1_40' title="bbox 1399 4694 4314 4793; baseline 0.005 -36"><span class='ocrx_word' id='word_1_403' title='bbox 1399 4694 1529 4771; x_wconf 69' lang='lat' dir='ltr'><strong>sim.</strong></span> <span class='ocrx_word' id='word_1_404' title='bbox 1577 4716 1693 4759; x_wconf 78' lang='lat' dir='ltr'><strong>vn.</strong></span> <span class='ocrx_word' id='word_1_405' title='bbox 1723 4699 1929 4777; x_wconf 79' lang='lat' dir='ltr'><strong>Justm.</strong></span> <span class='ocrx_word' id='word_1_406' title='bbox 1975 4722 2039 4763; x_wconf 90' lang='lat' dir='ltr'><strong>1n</strong></span> <span class='ocrx_word' id='word_1_407' title='bbox 2083 4710 2184 4765; x_wconf 80' lang='lat' dir='ltr'><strong>hu.</strong></span> <span class='ocrx_word' id='word_1_408' title='bbox 2227 4701 2699 4768; x_wconf 61' lang='lat' dir='ltr'><strong>Artabannmk.</strong></span> <span class='ocrx_word' id='word_1_409' title='bbox 2736 4707 2808 4768; x_wconf 87' lang='lat' dir='ltr'><strong>de</strong></span> <span class='ocrx_word' id='word_1_410' title='bbox 2940 4727 3036 4768; x_wconf 88' lang='lat'><strong>22.</strong></span> <span class='ocrx_word' id='word_1_411' title='bbox 3085 4708 3145 4770; x_wconf 85' lang='lat'>&amp;</span> <span class='ocrx_word' id='word_1_412' title='bbox 3194 4729 3288 4785; x_wconf 70' lang='lat'><strong>23.</strong></span> <span class='ocrx_word' id='word_1_413' title='bbox 3334 4731 3401 4773; x_wconf 90' lang='lat' dir='ltr'><strong>ac</strong></span> <span class='ocrx_word' id='word_1_414' title='bbox 3445 4710 3698 4793; x_wconf 85' lang='lat' dir='ltr'><strong>denique</strong></span> <span class='ocrx_word' id='word_1_415' title='bbox 3741 4713 3926 4775; x_wconf 85' lang='lat' dir='ltr'><strong>etiam</strong></span> <span class='ocrx_word' id='word_1_416' title='bbox 3970 4715 4035 4775; x_wconf 87' lang='lat' dir='ltr'><strong>in</strong></span> <span class='ocrx_word' id='word_1_417' title='bbox 4074 4712 4314 4792; x_wconf 83' lang='lat' dir='ltr'><strong>Respon-</strong></span> 
     </span>
     <span class='ocr_line' id='line_1_41' title="bbox 1409 4777 4311 4917; baseline 0.007 -81"><span class='ocrx_word' id='word_1_418' title='bbox 1409 4777 1805 4917; x_wconf 42' lang='lat' dir='ltr'><strong>gufiorirsur.</strong></span> <span class='ocrx_word' id='word_1_419' title='bbox 1848 4783 1993 4844; x_wconf 81' lang='lat' dir='ltr'><strong>Civ.</strong></span> <span class='ocrx_word' id='word_1_420' title='bbox 2041 4783 2095 4845; x_wconf 93' lang='lat'><strong>1.</strong></span> <span class='ocrx_word' id='word_1_421' title='bbox 2147 4804 2240 4861; x_wconf 80' lang='lat'><strong>14.</strong></span> <span class='ocrx_word' id='word_1_422' title='bbox 2279 4787 2471 4847; x_wconf 80' lang='lat' dir='ltr'><strong>Ciron.</strong></span> <span class='ocrx_word' id='word_1_423' title='bbox 2514 4784 2653 4865; x_wconf 69' lang='lat' dir='ltr'><strong>ObJ]</strong></span> <span class='ocrx_word' id='word_1_424' title='bbox 2671 4792 2805 4866; x_wconf 76' lang='lat' dir='ltr'><strong>Ju&#39;r.</strong></span> <span class='ocrx_word' id='word_1_425' title='bbox 2924 4786 3070 4863; x_wconf 71' lang='lat' dir='ltr'><strong>firme</strong></span> <span class='ocrx_word' id='word_1_426' title='bbox 3115 4790 3189 4851; x_wconf 81' lang='lat' dir='ltr'><strong>ad</strong></span> <span class='ocrx_word' id='word_1_427' title='bbox 3229 4789 3456 4865; x_wconf 80' lang='lat' dir='ltr'><em>Nihufii</em></span> <span class='ocrx_word' id='word_1_428' title='bbox 3516 4790 3888 4872; x_wconf 70' lang='lat' dir='ltr'><strong>Obiefliones,</strong></span> <span class='ocrx_word' id='word_1_429' title='bbox 3935 4814 4115 4877; x_wconf 86' lang='lat' dir='ltr'><strong>quam</strong></span> <span class='ocrx_word' id='word_1_430' title='bbox 4171 4793 4311 4856; x_wconf 79' lang='lat' dir='ltr'><strong>ori-</strong></span> 
     </span>
    </p>

    <p class='ocr_par' dir='ltr' id='par_1_13' title="bbox 1468 4879 1789 4939">
     <span class='ocr_line' id='line_1_42' title="bbox 1468 4879 1789 4939; baseline 0.022 -23"><span class='ocrx_word' id='word_1_431' title='bbox 1468 4880 1559 4918; x_wconf 79' lang='lat' dir='ltr'><strong>an.</strong></span> <span class='ocrx_word' id='word_1_432' title='bbox 1654 4896 1687 4929; x_wconf 51' lang='grc' dir='ltr'><strong>χ.</strong></span> <span class='ocrx_word' id='word_1_433' title='bbox 1734 4879 1789 4939; x_wconf 80' lang='grc' dir='ltr'><strong>ς.</strong></span> 
     </span>
    </p>
   </div>
   <div class='ocr_carea' id='block_1_12' title="bbox 1321 4868 4121 5033">
    <p class='ocr_par' dir='ltr' id='par_1_14' title="bbox 1321 4868 4121 5033">
     <span class='ocr_line' id='line_1_43' title="bbox 1321 4868 4121 5033; baseline -0.019 -46"><span class='ocrx_word' id='word_1_434' title='bbox 1321 4932 1471 5019; x_wconf 65' lang='lat' dir='ltr'><strong>[e]</strong></span> <span class='ocrx_word' id='word_1_435' title='bbox 1514 4937 1746 5031; x_wconf 55' lang='lat' dir='ltr'><strong>primus</strong></span> <span class='ocrx_word' id='word_1_436' title='bbox 1793 4962 1931 5009; x_wconf 61' lang='lat' dir='ltr'><strong>eam</strong></span> <span class='ocrx_word' id='word_1_437' title='bbox 1956 4945 2252 5013; x_wconf 54' lang='lat' dir='ltr'>“tionem</span> <span class='ocrx_word' id='word_1_438' title='bbox 2289 4947 2807 5033; x_wconf 73' lang='lat' dir='ltr'><strong>impugnavit-Fr,</strong></span> <span class='ocrx_word' id='word_1_439' title='bbox 2926 4868 3146 4952; x_wconf 79' lang='lat' dir='ltr'><strong>gmebus</strong></span> <span class='ocrx_word' id='word_1_440' title='bbox 3173 4878 3220 4953; x_wconf 86' lang='lat' dir='ltr'><strong><em>J</em></strong></span> <span class='ocrx_word' id='word_1_441' title='bbox 3225 4893 3310 4936; x_wconf 82' lang='lat' dir='ltr'><strong>ur.</strong></span> <span class='ocrx_word' id='word_1_442' title='bbox 3350 4875 3540 4937; x_wconf 78' lang='lat' dir='ltr'><strong>Germ.</strong></span> <span class='ocrx_word' id='word_1_443' title='bbox 3580 4871 3831 5013; x_wconf 58' lang='lat' dir='ltr'><strong>subjecit</strong></span> <span class='ocrx_word' id='word_1_444' title='bbox 3868 4896 3929 4960; x_wconf 81' lang='lat' dir='ltr'><strong>p.</strong></span> <span class='ocrx_word' id='word_1_445' title='bbox 3977 4894 4121 4957; x_wconf 81' lang='lat'><strong>259.</strong></span> 
     </span>
    </p>
   </div>
  </div>
 </body>
</html>
