4702 6338
890 499 940 567 'ae
972 483 1188 592 Basti.
1265 481 1659 563 Macedone
1702 480 1921 584 usque
1962 478 2062 558 ad
2107 476 2332 559 excid.
2394 476 2709 580 Constat.
3041 511 3182 587 343

309 680 551 737 tamen
614 678 658 732 a
713 651 1202 733 liberatoribus
1261 647 1414 751 ipsis
1469 663 1936 746 temperatum
1990 643 2253 741 injuriis
2333 646 2467 725 est.
2568 647 2881 727 Nullum
2962 675 3103 727 non
3182 675 3294 749 ge-

315 786 443 836 nus
495 755 752 833 sceleris
826 756 906 834 8<
974 754 1403 853 flagitiorum
1491 747 1756 824 editum
1832 747 1903 822 in
1968 739 2440 849 Byzantinos;
2481 749 3015 827 conniventibus
3075 751 3293 832 etiam

319 856 856 958 Imperatoribus
930 855 1256 932 Graecis:
1323 853 1396 927 in
1472 873 1647 951 quos
1705 844 2003 947 denique
2046 845 2224 948 ipsos
2273 847 2540 926 civium
2599 848 2880 928 suorum
2947 848 3140 927 furor
3194 850 3295 926 in-

253 1019 260 1020 f
322 958 561 1035 cubuit
596 1013 616 1034 .
673 957 1161 1055 Strangulatus
1212 950 1307 1030 est
1349 952 1740 1051 Imperator
1779 948 2112 1044 AlexiuS,
2162 948 2311 1049 post
2356 947 2467 1026 sex
2506 949 2845 1028 mensium
2878 952 3295 1052 imperium.

324 1059 496 1136 Inde
556 1085 884 1136 Arssxrus
947 1066 1191 1136 Ducas
1236 1048 1649 1142 Murzuflus
1695 1048 2068 1151 imperium
2115 1049 2274 1130 adre
2326 1072 2523 1148 tum,
2576 1050 2859 1153 duoque
2893 1049 3151 1130 menses
3195 1076 3295 1128 re-

317 1179 651 1255 tentum,
704 1158 1090 1259 relinquere
1141 1154 1422 1235 coaetus
1470 1151 1566 1228 est
1643 1149 1914 1230 Latinis
1966 1160 2176 1242 fanno
2319 1151 2414 1229 hr.
2455 1152 2845 1232 MCCIV.
2899 1152 2967 1229 E
3017 1151 3294 1230 Latinis

325 1285 773 1337 narnumus
851 1252 1180 1336 Flander
1265 1275 1540 1332 creatur
1619 1255 2005 1354 Imperator
2051 1308 2080 1348 ,
2134 1273 2512 1358 regnatque
2576 1252 2709 1335 XI.
2770 1251 3071 1331 menses.
3139 1252 3294 1329 Co-

319 1384 576 1436 mnena
656 1385 827 1437 vero
911 1357 1184 1437 familia
1249 1359 1776 1456 Trapezuntem
1847 1354 1922 1430 in
1968 1350 2203 1432 Ponto
2246 1374 2544 1457 occupat
2590 1380 2617 1456 3
2673 1353 3096 1433 Theodorus
3155 1354 3290 1431 La·
3409 1403 3412 1412 ι

321 1457 520 1537 scaris
583 1460 853 1536 Niceae
919 1460 991 1537 in
1051 1458 1222 1536 Asia
1272 1458 1606 1559 imperat.
1657 1455 1764 1531 At
1817 1479 1902 1531 ue
1950 1454 2119 1534 haec
2171 1452 2328 1533 sunt
2371 1476 2691 1558 tempora
2745 1455 3021 1558 imperii
3093 1454 3297 1533 Con-

322 1559 1282 1662 stantinopolitani‚1quibus
1415 1556 1747 1633 erturbati
1806 1578 1985 1634 rmus
2034 1554 2244 1635 status
2292 1555 2505 1655 esset,
2555 1556 2627 1634 8<
2662 1555 3041 1659 respublica
3091 1553 3301 1659 quast

324 1661 414 1739 ad
468 1660 830 1739 interitum
899 1679 1297 1763 properaret
1396 1679 1603 1734 uum.
2998 1728 3002 1732 ⁴

1623 1831 1689 1939 §.
1793 1836 2000 1930 XXI.

429 2021 778 2102 Balduino
845 2015 1198 2118 Flandro,
1256 2014 1439 2108 intra
1510 2039 1774 2098 annum
1829 2012 2097 2118 occiso,
2159 2015 2488 2122 Byzantii
2540 2017 2851 2102 successit
2890 2020 3074 2100 filius
3112 2045 3305 2101 amr-

329 2151 560 2202 mcus
611 2146 798 2202 anno
859 2125 1035 2208 Chr.
1085 2116 1474 2201 MCCVI.
1515 2123 1884 2224 imperavit
1917 2142 2136 2201 annos
2169 2123 2260 2200 X.
2308 2125 2480 2202 Inde
2512 2146 2573 2201 a.
2611 2124 2793 2202 Chr.
2833 2123 3300 2205 MCCXVI.

332 2253 632 2302 ramus
689 2218 1322 2326 Altiffiodorensts‚
1377 2219 1588 2328 usque
1664 2223 1752 2300 ad
1823 2242 2087 2301 annum
2159 2222 2338 2303 Chr.
2395 2224 2908 2304 MCCXXII.
3017 2249 3163 2327 quo
3234 2222 3304 2301 ei

329 2324 635 2403 successit
677 2323 860 2402 filius
911 2351 1368 2404 nonnarus:
1421 2349 1569 2425 quo·
1635 2343 1922 2401 mortuo
1955 2324 2350 2429 imperium
2390 2327 2619 2422 tenuit
2697 2353 3147 2403 ennomus
3200 2326 3302 2402 ΙΙ.

331 2427 515 2504 filius
573 2428 662 2503 ab
726 2447 914 2504 anno
976 2428 1154 2503 Chr.
1213 2419 1748 2538 Mccxxlx.
1828 2417 2039 2538 usque
2126 2422 2214 2502 ad
2296 2448 2563 2503 annum
2634 2427 3088 2506 MCCLXI.
3155 2449 3304 2529 quo

334 2548 647 2629 tempore
707 2526 923 2604 finem
988 2525 1745 2640 habuit-Byzantinum
1792 2521 2210 2602 Latinorum
2261 2524 2677 2627 imperium.

1611 2699 1677 2804 ς.
1781 2698 2030 2781 xxn.

437 2888 641 2965 Nam
699 2908 1051 2963 merram
1083 2876 1582 2984 Palaeologus,
1636 2905 1797 2962 cum
1837 2842 2193 2975 'sosimus
2248 2883 2383 2963 IV.
2436 2893 2727 2984 Ducae,
2785 2886 2940 2990 post
2997 2885 3305 2974 ‚obitum

344 3003 745 3065 Tan-onom
832 2987 997 3083 Jun.
1060 2994 1306 3062 Ducae
1346 3043 1372 3081 ,
1435 2986 1556 3087 qui
1637 2987 1814 3086 patri
1890 3010 2185 3074 JOANNI
2270 2995 2521 3065 Ducae
2592 2990 2864 3068 Niceae
2931 2987 3302 3089 imperanti

338 3086 786 3182 successerat,
831 3087 1246 3163 constitutus
1300 3084 1463 3163 esset
1537 3106 1770 3184 tutor,
1827 3088 2043 3163 non-Ru
2104 3083 2534 3187 Byzantium
2591 3113 2755 3166 cum
2823 3113 3037 3190 parva
3085 3112 3303 3165 manu

339 3215 462 3291 per
522 3186 877 3266 cuniculos
915 3188 1273 3286 ingrersus,
1329 3188 1752 3265 Balduinum
1808 3190 2315 3291 Imperatorem
2382 3188 2672 3266 salutem
2750 3187 2917 3289 fuga
2977 3213 3304 3291 quaerere

342 3288 620 3387 co'e'git,
673 3287 1093 3388 firmatisque
1140 3288 1260 3365 sibi
1308 3291 1600 3388 opibuS,
1657 3288 1729 3365 8<
1798 3290 2069 3388 Joanne
2116 3287 2271 3366 suae
2344 3290 2608 3367 tutelae
2661 3289 3027 3367 commisso
3066 3315 3305 3367 excae·

340 3411 552 3482 cate,
602 3386 741 3487 ipse
797 3390 1182 3485 Imperator
1245 3387 1575 3466 salutatus
1622 3389 1717 3466 est
1750 3441 1771 3464 .
1822 3389 2178 3489 Regnavit
2227 3412 2444 3466 annos
2527 3390 2808 3467 XXIV.
2866 3392 2988 3467 Ab
3048 3417 3134 3468 eo
3210 3387 3313 3466 fa-

215 3570 220 3583 ·
342 3488 539 3565 milia
603 3486 1181 3586 Palaeologorum
1228 3489 1601 3589 imperium
1670 3491 2035 3568 Orientale
2122 3485 2334 3590 usque
2395 3486 2484 3568 ad
2557 3491 2909 3569 excidium
2974 3488 3303 3593 Byzantii

347 3588 575 3667 tenuit
598 3642 619 3665 .

1615 3680 1684 3788 §.
1785 3685 2074 3767 XXIII.

443 3872 622 3969 Ejus
671 3868 855 3948 filius
900 3888 981 3945 ac
1047 3865 1375 3946 successor
1427 3894 1947 3948 Ammomcus
2024 3867 2272 3948 Senior
2329 3853 2790 3970 Palaeologus
2818 3931 2845 3970 ,
2926 3876 3308 3977 imperium

350 3971 592 4050 nasius
658 3994 844 4047 anno
915 3970 1591 4049 MCCLXXXIII.
1655 3972 2022 4074 imperavit
2122 3996 2337 4050 annos
2422 3974 2930 4074 quinquaginta
2965 4032 2985 4051 .
3042 3977 3304 4075 Neque

349 4072 486 4150 hoc
535 4071 870 4159 diuturno
905 4089 1141 4148 tamen
1186 4072 1479 4172 imperio
1527 4076 1760 4172 magni
1794 4071 1967 4150 fuit.
2023 4072 2271 4149 Multa
2328 4073 2402 4148 in
2467 4073 2746 4150 ecclesia
2804 4073 3133 4169 discidia,
3204 4074 3310 4151 sn·

353 4198 516 4273 gens
572 4196 617 4250 a
670 4172 925 4249 Turcis
961 4172 1248 4265 ,vastitas
1352 4174 1721 4270 rovinciiS,
1776 4174 1998 4252 clades
2064 4173 2480 4250 exercitibus
2547 4173 2786 4274 illata3
2858 4195 3068 4275 atque
3146 4193 3304 4250 tota

405 4299 568 4376 rope
630 4274 799 4351 Asia
846 4294 1220 4373 occupata.
1349 4275 1596 4352 andem
1653 4273 1853 4354 senex
1923 4274 2138 4354 etiam
2205 4274 2442 4376 nepoti
2523 4273 2931 4352 Andronico
3005 4273 3306 4352 ludibrio

394 4375 535 4471 uit,
595 4376 719 4476 qui
776 4375 843 4454 ei
913 4374 1136 4453 invite
1205 4375 1573 4478 imperium
1634 4378 1921 4456 extorsit
1974 4434 1996 4455 .
2064 4376 2314 4454 Paullo
2378 4375 2531 4477 post
2616 4400 2931 4455 moerore
2998 4372 3313 4455 consum-

354 4495 473 4554 tus
526 4476 659 4556 est.

1605 4578 1675 4683 §.
1776 4581 2061 4660 XXIV.

466 4785 990 4857 annnomcus
1052 4761 1150 4845 11.
1207 4761 1662 4862 Palae-alogus
1691 4765 1790 4844 im
1841 4767 2061 4845 erium
2111 4789 2251 4843 avo
2311 4788 2424 4842 ere
2474 4783 2630 4843 tum
2692 4764 2849 4857 iniit
2894 4788 3084 4842 anno
3123 4760 3313 4841 cnr.

355 4860 1014 4943 MCCCXXXII.
1097 4864 1349 4944 Homo
1429 4863 1746 4969 flagitios
1808 4894 1987 4948 rmus
2008 4925 2037 4968 ,
2096 4866 2170 4946 8(
2219 4867 2416 4949 omni
2469 4891 2544 4950 us
2618 4865 2812 4949 vitiis
2896 4885 3318 4981 coopertus,

1315 5039 1320 5043 ,
3062 4989 3216 5052 mu·
