4702 6338
1346 471 1494 545 370
1603 397 1620 426 ’ρ
1842 439 1995 521 Lib.
2034 449 2152 521 IV.
2183 449 2356 564 Cap.
2392 449 2514 520 III.
2563 448 2682 521 De
2709 439 2916 542 Iuris
2927 448 3000 544 J
3003 438 3353 543 ustiniani
3395 438 3561 521 &a
3676 543 3691 554 l

2533 623 2597 726 §.
2701 624 2915 702 XIII.

1348 780 1463 886 Ae
1514 808 1587 887 in
1640 809 2022 888 Germania
2072 808 2417 887 celebrata
2464 808 2750 912 quidem
2802 807 2900 887 est
2952 831 3139 886 nova
3189 809 3530 910 quaedam
3587 808 3660 886 8<
3721 807 3991 887 horrida
4039 810 4209 909 juris

1252 912 1685 1013 exponendi,
1722 911 2240 1013 illustrandique
2278 913 2436 1009 via,
2480 912 2762 989 aufflore
2819 909 3253 1012 potiffimum
3296 899 3611 987 MA‘TTH.
3661 939 4215 1007 was-nunnae,

1247 1038 1430 1114 quae
1495 1036 1539 1089 a
1603 1014 1680 1089 P.
1739 1016 2018 1111 Ratun,
2077 1014 2198 1115 qui
2257 1014 2330 1091 in
2389 1013 2821 1116 philosophia
2863 1013 3192 1091 tradenda
3244 1011 3396 1090 usus
3441 1037 3529 1088 ea
3568 1010 3838 1109 fuerat,
3882 1012 4216 1089 Ramisti·

1246 1137 1333 1190 ca
1396 1135 1729 1192 vocatur.
1794 1117 2023 1218 Cujus
2069 1115 2236 1194 haec
2303 1116 2409 1193 vis
2454 1116 2594 1213 est,
2649 1137 2728 1193 ut
2798 1141 2918 1217 per
2977 1137 3281 1214 quatuor
3346 1112 3698 1191 causarum
3758 1139 4007 1213 genera
4088 1116 4211 1210 Jus

1248 1213 1498 1293 Civile
1550 1217 1930 1296 trffietur.
1984 1219 2227 1320 Atque
2281 1219 2410 1295 hac
2453 1219 2724 1296 ratione
2780 1217 2930 1319 post
2983 1216 3515 1294 Wesenbecium
3564 1217 3871 1317 plerique
3917 1217 3990 1291 in
4040 1216 4227 1291 Ger-¹

1067 1389 1096 1410 f
1250 1315 1489 1392 mania
1543 1319 1713 1398 ICti
1781 1320 1874 1397 ufi
1927 1319 2126 1423 sunt3
2179 1318 2318 1398 fere
2364 1318 2573 1421 usque
2623 1320 2711 1397 'ad
2761 1319 3061 1396 nostram
3119 1339 3476 1396 aetatem..
3521 1319 3739 1396 Nunc
3786 1342 3958 1396 vero
3999 1315 4089 1393 ab
4148 1342 4215 1392 e-

1249 1416 1597 1516 legantiae
1677 1421 2232 1518 'studiofioribu3,
2299 1447 2370 1500 re
2423 1423 2663 1498 udiata.
2724 1411 3031 1498 ratione*
3070 1420 3491 1516 Ramistica‚
3558 1419 3950 1517 Cujaciana
4019 1416 4215 1518 quast

1253 1518 1329 1592 in
1382 1543 1673 1618 regnum
1720 1522 1924 1601 suum
1984 1523 2268 1600 redussa
2319 1448 2467 1601 eg:
2521 1548 2739 1624 quam
2787 1544 2863 1599 ut
2926 1523 3140 1622 magis
3203 1520 3561 1634 magisque·
3618 1521 3945 1636 exjcolant
3997 1519 4069 1596 8<
4119 1515 4213 1594 se-

1247 1641 1554 1722 quantur
1600 1626 1782 1726 Juris
1837 1625 2099 1707 Civilis
2148 1623 2508 1725 mores,
2562 1621 3129 1726 jurisprudentiae
3179 1628 3434 1721 cauia,
3473 1622 3782 1725 optabtle
3841 1622 3972 1700 est.
