4702 6338
1471 437 1614 508 142
1963 404 2118 486 Lib.
2165 409 2254 486 II.
2304 410 2478 518 qu.
2529 405 2620 492 11.
2657 403 2777 480 De
2803 404 2877 502 J
2876 392 3416 504 urisprxdentia
3475 394 3718 475 media

1372 565 1618 642 tudine
1669 586 1836 639 cum
1867 562 2015 661 jure
2049 560 2240 638 civili
2299 559 2756 661 conjunc’mm
2826 558 3078 658 fuerit,
3127 580 3339 665 atque
3389 581 3693 651 nexum,
3743 570 3823 630 ut
3871 549 4127 630 summi
4179 550 4330 667 qui-

1370 692 1511 782 que
1562 661 2037 764 Iurisconsulti
2094 663 2259 762 juris
2320 666 2466 761 ejus
2514 660 2871 768 scientiam
2917 675 3204 766 quoque
3257 660 3648 758 tenuerint3
3707 654 3779 733 8(
3827 653 3969 770 ipsa
4020 654 4329 767 inde-Ju-

1368 764 1820 869 nsprudentia
1868 788 2098 846 rerum
2148 763 2546 843 divinarum
2617 762 2900 843 scientia
2964 763 3409 867 appelletur:
3466 760 3552 840 de
3626 783 3715 837 eo
3782 757 4085 834 breviter
4149 753 4326 840 dice-

1369 894 1578 947 mus:
1611 865 1925 968 inprimis
1973 888 2137 945 cum
2181 867 2327 963 ejus
2368 865 2699 967 reliquiae
2752 890 2836 944 ac
2882 866 3170 965 vestigia
3216 891 3361 943 non
3403 886 3621 965 pauca
3667 858 3893 938 adhuc
3942 860 4018 935 in
4058 855 4318 971 Pande-

1369 970 1486 1050 &e
1535 987 1817 1046 extent.
1871 966 1954 1045 Id
2002 970 2110 1064 jus
2150 966 2273 1045 etfi
2331 967 2583 1045 Numa
2629 967 3031 1064 constituit,
3075 992 3294 1070 eaque
3340 965 3426 1044 de
3470 990 3542 1060 re
3579 963 3760 1063 leges
3817 959 4029 1038 sacras
4090 954 4326 1042 desen-

1308 1091 1321 1094 ·
1370 1070 1544 1174 psit:
1603 1071 1796 1168 cujus
1849 1069 2110 1168 generis
2163 1068 2237 1146 8<
2296 1068 2532 1170 postea
2584 1068 2936 1147 interdum
2985 1069 3169 1169 leges
3209 1088 3490 1167 rogatae
3538 1062 3744 1164 sunt3
3776 1083 4016 1150 tamen
4074 1084 4325 1157 magna

1367 1199 1458 1253 ex
1521 1193 1714 1273 parte
1761 1170 2195 1249 Pontificum
2245 1169 2532 1249 decrejs
2574 1190 2786 1273 atque
2823 1167 3176 1249 sententiis
3225 1169 3684 1248 constitutum
3715 1184 3926 1267 atque
3957 1161 4329 1245 fundatum

1366 1272 1529 1352 est.·
1560 1275 1783 1371 Leges
1833 1273 2023 1350 enim
2072 1271 2154 1348 iis
2209 1271 2297 1350 de
2348 1274 2548 1349 rebus
2608 1297 2916 1374 paucae:
2978 1271 3440 1373 pontificum,
3495 1271 3618 1382 qui
3670 1267 3757 1344 de
3797 1290 3885 1343 eo
3937 1289 4184 1366 genere
4228 1266 4330 1360 ju»

1368 1375 1577 1454 dices
1608 1373 1825 1462 ellent
1893 1371 2068 1471 soli,
2124 1373 2500 1456 auetoritas
2547 1373 2633 1450 de
2669 1373 3115 1474 religionibus
3169 1399 3250 1450 ac
3300 1376 3448 1473 jure
3495 1373 3681 1448 sacro
3732 1391 4024 1468 magna,
4073 1391 4157 1444 ac
4214 1364 4324 1442 de-

1369 1478 1584 1578 nique
1621 1473 1892 1552 summa
1942 1476 2016 1553 in
2065 1474 2435 1553 retinendis
2478 1472 2800 1575 responsis
2842 1500 2925 1553 ac
2961 1475 3249 1553 decretis
3292 1473 3424 1554 suis
3472 1470 3860 1553 constantia
3901 1468 4325 1579 erathua,

1370 1603 1446 1657 re
1474 1577 1842 1677 diligenter
1879 1577 2121 1654 omnia
2172 1573 2486 1677 responsa
2545 1600 2626 1652 ac
2692 1574 2966 1656 decreta
2999 1576 3134 1665 ,sua
3190 1577 3263 1653 in
3309 1569 3849 1652 commentarios
3898 1565 4326 1658 Ponttficum

1371 1675 1798 1762 referebant:
1868 1703 2171 1780 quorum
2241 1676 2827 1755 conficiendorum
2892 1703 3054 1755 cura
3111 1674 3248 1755 fuit
3373 1702 3530 1754 enes
3595 1671 4014 1752 Pontificem
4083 1670 4322 1746 Maxi-

1374 1805 1623 1858 murn.
1691 1781 1938 1881 Atque
1997 1779 2165 1856 haec
2208 1780 2464 1855 'omn-ia
2517 1777 2764 1856 deinde
2809 1776 2951 1857 fere
3008 1804 3134 1880 pro
3191 1779 3325 1878 legi
3381 1803 3454 1855 us
3515 1773 4017 1853 observabant.
4077 1773 4318 1872 Itaque

1374 1880 1907 1959 'nnumerabilia
1956 1884 2107 1979 jura
2146 1880 2583 1956 Pontificum
2629 1879 3046 1959 austeritate
3096 1879 3463 1960 consecuta
3526 1876 3682 1955 sunt
3741 1877 3837 1976 [r
3861 1873 3925 1972 ].
3975 1873 4324 1975 Exemplo

1369 1903 1457 2060 iit
1505 1982 1679 2059 illud
1727 2002 1980 2083 caput,
2032 2000 2111 2057 ut
2180 1980 2364 2057 sacra
2421 2003 2751 2082 perpetua
2803 1981 3057 2078 essent,
3104 1983 3175 2059 in
3223 1982 3406 2058 XH.
3449 1978 3587 2081 [s]
3639 1981 3772 2057 hoc
3814 1977 4004 2055 enim
4061 1974 4320 2077 posito,

1371 2083 1546 2162 haec
1594 2086 1749 2184 jura
1799 2082 2227 2160 Pontificum
2260 2081 2682 2161 aufioritate
2713 2082 3079 2161 consecuta
3132 2080 3326 2179 sunt,
3358 2103 3478 2178 ut,
3546 2106 3634 2158 ne
3693 2098 3921 2157 morte
3969 2077 4179 2178 patris
4229 2072 4322 2152 sa·

1372 2185 1605 2264 minas
1655 2182 2002 2262 sacrorum
2050 2184 2390 2261 memoria
2436 2184 2790 2282 interiret,
2833 2187 2914 2262 iis
2967 2183 3180 2263 essent
3224 2210 3308 2261 ea
3354 2181 3719 2281 adjunfla’,
3781 2180 3868 2257 ad
3926 2203 4103 2279 quos
4161 2176 4322 2277 ejus-

1372 2286 1534 2364 dem
1596 2305 1829 2364 morte
1901 2287 2193 2387 pecunia
2251 2284 2538 2364 venisset
2595 2284 2769 2384 [t].
2828 2286 3325 2364 Constitutum
3393 2286 3494 2362 ita
3546 2309 3631 2361 ue
3695 2282 3833 2378 est,
3873 2282 3994 2383 qui
4045 2278 4320 2357 adstrin-

1370 2407 1696 2489 gerentur
1743 2384 1938 2463 sacris
1974 2412 2072 2463 eo
2125 2385 2412 2473 nornine
2444 2443 2470 2483 ‚
2519 2386 2714 2490 quod
2777 2414 2862 2463 ex
3000 2388 3206 2464 cunia
3264 2384 3475 2464 defun
3553 2386 3573 2463 i
3642 2381 4008 2486 cepissent.
4069 2378 4323 2460 Rursus

1372 2489 1499 2590 qui
1553 2487 2004 2566 liberarentur
2051 2485 2292 2582 sacris,
2332 2487 2795 2565 constitutum
2842 2413 3192 2589 eli'e[u].
3241 2489 3492 2569 Multa
3520 2485 3747 2579 ,etiarn
3793 2512 3881 2564 ex
3949 2508 4146 2562 more
4186 2508 4324 2560 ma-

1373 2591 1609 2688 jorum
1652 2586 2025 2668 Pontifices
2061 2606 2471 2674 tenuerunt,

2684 2770 2761 2874 -§.
2853 2773 3023 2854 :LV,

1471 2955 1598 3055 Jus
1650 2953 2101 3033 Pontificium
2141 2980 2312 3042 vero
2353 2953 2478 3032 etfi
2520 2979 2676 3033 eam
2734 2954 3031 3036 habebat
3083 2982 3247 3034 cum
3295 2958 3440 3054 jure
3486 2955 3677 3034 civili
3731 2953 4326 3055 conjunc'tionem,

1332 3077 1458 3161 ‚ut
1496 3083 1500 3087 ·
1543 3058 1834 3133 Mucius
1909 3059 2249 3136 Scaevola
2307 3054 2642 3146 Pontifex
2708 3059 2974 3157 negasti:
3033 3059 3353 3155 dicatur,
3404 3083 3844 3160 quemquam
3908 3055 4323 3134 Pontificem

1368 3151 1639 3238 bonum
1684 3159 1815 3236 esse
1868 3159 2092 3260 poffe,
2138 3157 2263 3236 nifi
2309 3158 2432 3259 qui
2486 3161 2590 3256 jus
2641 3159 2849 3238 civile
2905 3159 3254 3261 cognosset
3305 3161 3500 3261 [x]:
3549 3186 3906 3262 nemoque
3957 3188 3996 3237 e
4054 3174 4323 3236 contra*

1369 3262 1479 3337 rio
1529 3262 1633 3357 jus
1699 3260 1907 3337 civile
1970 3261 2244 3362 penitus
2301 3260 2646 3360 percipere
2705 3260 2964 3364 posset,
3015 3264 3137 3377 qui
3193 3264 3355 3362 juris
3429 3262 3771 3364 pontificii
3834 3287 3979 3339 non
4057 3279 4320 3338 teneret

1368 3359 1726 3438 scientiam
1785 3363 1979 3458 ejuS,
2023 3386 2166 3463 qua
2221 3379 2417 3462 parte
2469 3385 2633 3439 curn
2680 3364 2827 3462 jure
2877 3362 3070 3440 civili
3118 3363 3578 3462 conjunRum
3627 3362 3843 3444 effet:
3899 3384 4137 3441 tamen
4194 3360 4318 3439 ista

1366 3460 1778 3561 conjunffio
1822 3462 1912 3540 ad
1967 3487 2188 3565 pauca
2248 3459 2592 3564 quaedam
2644 3462 2878 3565 capita
2918 3461 3324 3565 ‚specqabass
3384 3464 3671 3543 illustria
3719 3464 4003 3567 quidem
4067 3463 4191 3542 illa
4252 3461 4323 3540 8<

1368 3560 1513 3649 late
1591 3563 1904 3669 patentia
1923 3620 1948 3661 ,
2010 3587 2232 3666 pauca
2268 3578 2574 3645 tamen:
2647 3564 2735 3644 de
2781 3562 2977 3644 sacris
3044 3565 3329 3668 privatis
3350 3624 3376 3666 ,
3413 3566 3501 3646 de
3549 3566 3735 3645 votis
3755 3623 3785 3665 ,
3833 3566 3920 3646 de
3962 3564 4202 3746 siffis&
4238 3564 4322 3644 de

1968 3724 1973 3727 .
4039 3693 4127 3770 ep
4201 3713 4231 3729 a

1365 3861 1487 3948 [r]
1529 3867 1655 3945 Cic.
1692 3866 1836 3933 dom.
1876 3884 1994 3949 cap.
2029 3886 2126 3938 :12-
2170 3867 2251 3930 1n
2291 3866 2366 3929 iis
2396 3870 2582 3937 etiam
2637 3870 2725 3933 Le
2765 3889 2856 3934 es¹
2948 3870 3140 3950 ligata
3186 3869 3349 3935 fuiss‘e
3385 3872 3705 3936 hereditati
3756 3890 4113 3957 propterea,
4160 3872 4316 3954 quod

1449 3948 1691 4019 ac‘jura
1718 3948 1926 4013 civilia
1970 3946 2133 4012 suiffe
2253 3946 2545 4033 rscripta0
2594 3950 2728 4019 ,inte
2755 3951 2823 4013 li·
2948 3949 3360 4036 aequissirnum
3398 3954 3572 4033 esset,
3606 3954 3682 4024 ad
3723 3974 3904 4036 quem
3957 3954 4323 4023 emolumen-

1449 4028 1613 4106 gitur
1655 4050 1690 4102 e
1732 4029 1959 4108 Dionys}
1990 4026 2127 4090 Hal.
2157 3967 2248 4090 ἵε
2277 4029 2385 4092 ΙΧ.
2407 4050 2468 4111 p.
2515 4051 2612 4109 27.
2642 4036 2820 4094 senec.
2951 4049 3080 4095 tum
3128 4035 3497 4118 peryeniret,
3548 4036 3623 4097 ad
3669 4036 3921 4099 eundem
3955 4037 4140 4096 etiam
4182 4053 4325 4095 onus

1449 4108 1617 4201 Esist,
1649 4110 1792 4172 108.
1820 4110 1890 4172 δι
1932 4111 2064 4171 Cic.
2093 4110 2162 4169 de
2200 4110 2348 4179 Div.
2404 4113 2493 4180 11.
2545 4114 2636 4174 18.
2672 4111 2822 4175 Pon·
2950 4115 3281 4207 pertinere.
3337 4116 3556 4197 Itaque
3602 4116 3820 4185 Cicero
3849 4117 4032 4187 dicit:
4075 4113 4324 4174 heredum

1445 4188 1669 4252 trficem
1715 4207 1913 4252 autern
1972 4192 2300 4262 maximum
2364 4195 2824 4259 commentarios
2950 4193 3227 4272 julb'ffima
3271 4194 3450 4272 ‹141qu
3480 4195 3583 4273 est,
3628 4197 3774 4259 Non
3807 4198 4013 4281 itaque
4031 4195 4320 4269 heredita-

1445 4269 1732 4332 conficere
1761 4270 2148 4345 consuevisse,
2206 4288 2374 4352 patet
2426 4295 2460 4352 e
2511 4277 2819 4342 ,CinBrua
2951 4276 3123 4337 tisin
3162 4274 3332 4338 causa
3363 4277 3623 4341 intestati
3657 4278 3812 4341 ratio
3840 4299 3911 4342 ex
3945 4277 4117 4349 sacris
4149 4276 4322 4340 dedu·

1443 4370 1496 4413 c.
1530 4369 1624 4428 14.
1680 4350 1859 4433 idque
1923 4352 1985 4414 &
2040 4352 2176 4443 inde
2230 4355 2534 4430 arguitur,
2563 4355 2745 4438 quod
2775 4356 2822 4416 i·
2948 4357 3003 4417 ci
3037 4356 3255 4438 potest.
3303 4358 3448 4419 Non
3489 4360 3652 4430 enim
3713 4357 3902 4431 solum
3949 4357 4194 4429 heredes
4248 4356 4328 4418 ab

1443 4431 1583 4493 dem
1611 4430 1879 4493 Annales
1921 4451 2213 4505 maximos
2242 4433 2629 4500 conficiebat.
2693 4436 2820 4498 Cic.
2949 4436 3260 4515 intestato,
3299 4436 3401 4501 sed
3460 4439 3521 4502 &
3578 4436 4044 4516 testamentarii}
4107 4439 4169 4501 δι
4215 4436 4326 4529 qui

1446 4513 1609 4572 Orat.
1643 4511 1731 4572 11.
1775 4531 1867 4573 12.
2950 4517 3276 4601 plurimum
3314 4520 3594 4601 cepissent
3620 4541 3655 4584 e
3727 4523 4010 4604 pecunia,
4067 4518 4354 4598 obligau·

1362 4586 1490 4751 [Ἰ
1529 4591 1655 4685 Cic.
1696 4594 1827 4673 Leg.
1869 4593 1959 4654 11.
2008 4611 2106 4669 19.
2769 4678 2781 4691 .
2948 4615 3120 4692 erant
3166 4598 3377 4675 saeris.
4341 4618 4348 4641 ³

1414 4690 1439 4729 ε
1527 4676 1650 4735 th.
1699 4675 1830 4754 Leg.
1865 4674 1956 4736 11.
2011 4693 2110 4738 20.
2134 4677 2300 4769 quod
2347 4694 2528 4760 caput
2585 4697 2821 4757 egregie
2868 4674 2988 4759 [u]
3030 4686 3152 4741 th.
3196 4684 3329 4762 Leg.
3379 4681 3470 4744 11.
3507 4702 3605 4744 21.
3634 4679 3711 4745 cf.
3755 4686 3808 4744 1.
3847 4687 3917 4745 F.
3969 4686 4209 4744 Gronov.
4256 4680 4332 4741 de

1439 4755 1773 4832 explicatur
1806 4775 1843 4816 a
1888 4754 2158 4816 Balduino
2200 4781 2261 4817 m
2311 4758 2630 4839 Jurisprud.
2684 4763 2820 4820 Mu-
2947 4760 3015 4821 P.
3055 4761 3138 4821 V.
3174 4762 3289 4822 IV.
3355 4783 3413 4841 7.
3438 4770 3502 4843 p'.
3550 4783 3690 4843 309.
3747 4763 4028 4829 Schmzrz.
4089 4758 4338 4825 Diffida-

1449 4834 1609 4922 cianf
1629 4850 1698 4924 p.
1740 4838 1946 4977 m.176.
2002 4835 2163 4928 seqq.
2220 4839 2273 4897 F
2275 4838 2438 4930 acile·
2473 4857 2679 4947 autern
2729 4841 2818 4902 in·
2944 4839 3118 4935 deust.
3137 4841 3282 4920 sacr.
3328 4843 3389 4905 δι
3430 4845 3673 4908 conradi
3709 4847 3931 4929 Parerg.
3977 4845 4070 4910 11.
4107 4864 4165 4907 1.
4261 4889 4270 4895 ,

1452 4911 1780 4998 telligitur,
1852 4936 1985 4981 acra
2025 4934 2264 5000 privata
2304 4920 2620 4994 conjunsta
2655 4920 2817 4986 &ab
2859 4917 2984 5006 [x]
3025 4924 3312 5005 cta-hg.
3344 4924 3436 4988 11.
3481 4945 3576 5003 19.
