4702 6338
2865 290 2905 319 X

1360 599 1365 604 p
1463 497 1609 571 282.
1929 497 2084 580 Lib.
2114 507 2235 579 III.
2286 507 2460 602 Cap.
2511 505 2770 580 HLDe
2796 510 2870 605 J
2871 500 3411 605 urtsprudentia
3460 532 3653 584 nova

2693 681 2758 786 §.
2866 685 2995 764 IX.

1464 863 1787 942 Eandem
1848 863 2106 944 stabiam
2165 865 2378 946 secuti
2442 865 2599 945 sunt
2684 894 3134 968 aucarum,
3184 868 3260 949 δε
3312 896 3716 950 Honoratus
3765 929 3791 968 ,
3861 897 4169 975 quorum
4238 873 4331 950 le·

1369 993 1483 1067 ges
1555 967 2023 1044 saluberrimas
2073 968 2145 1046 8<
2206 968 2591 1048 utilissimas
2655 967 2874 1048 servat
2931 995 3226 1074 uterque
3275 972 3597 1052 Codex:
3673 997 3845 1076 quas
3891 999 4135 1051 omnes
4192 1001 4329 1051 me·

1369 1093 1639 1145 morare
1696 1094 1837 1145 non
1910 1069 2005 1147 est
2078 1070 2335 1149 neceffe
2378 1129 2398 1150 .
2463 1072 2761 1176 Aliquas
2813 1074 3380 1152 Constitutiones
3434 1098 3577 1153 non
3642 1076 3948 1153 alienum
4006 1078 4136 1153 erit
4198 1102 4342 1152 rne-

1368 1195 1688 1283 morare:
1743 1171 1962 1248 veluti
2028 1171 2114 1250 de
2170 1172 2580 1272 Episcopali
2637 1173 2949 1272 iudicio,
3025 1176 3163 1255 five
3224 1178 3456 1279 potius
3511 1177 3598 1253 de
3657 1173 4159 1277 „episcoporum
4230 1177 4340 1253 de-

1371 1270 1567 1349 Ιιέῖις
1629 1269 1733 1350 C?
1782 1272 2033 1372 poenis
2072 1331 2098 1370 ,
2164 1301 2347 1375 quae
2411 1277 2740 1354 Honorio
2801 1276 3145 1380 suppofita
3182 1338 3206 1374 ,
3271 1279 3458 1356 edita
3528 1277 3625 1355 est
3705 1280 4011 1379 primurn
4087 1304 4130 1355 a
4201 1279 4335 1355 Sir-

1368 1374 1637 1451 mondo
1696 1373 1852 1473 [z]
1915 1376 2165 1454 deinde
2223 1378 2438 1455 etiarn
2488 1404 2530 1455 a
2589 1380 2857 1477 Jacobo
2916 1379 3363 1459 Gothofredo
3411 1378 3570 1480 [a]
3625 1406 3788 1457 cum
3833 1382 4342 1458 commentario

1370 1477 1668 1577 repetita
1699 1533 1723 1571 ,
1759 1472 2146 1580 fraudisque
2198 1477 2526 1557 convicia
2581 1481 2675 1579 [b
2716 1480 2786 1577 ]‚
2841 1503 3204 1582 tamquam
3270 1483 3358 1559 ab
3413 1481 3786 1583 impostore
3833 1507 3920 1559 ex
3980 1482 4132 1558 aliis
4182 1481 4342 1559 dua-

1370 1578 1498 1654 bus
1578 1578 1837 1692 legibus
1900 1580 2287 1679 composita
2335 1639 2356 1658 .
2438 1583 2636 1659 Nam
2711 1583 2800 1662 de
2870 1585 3141 1662 delie'tis
3206 1582 3712 1685 Episcoporurn
3766 1604 3962 1662 extat
4043 1583 4338 1683 genuina

1373 1680 1683 1756 Honorn
1736 1681 1887 1756 Lex
1927 1680 2001 1758 in
2063 1680 2338 1760 Codice
2382 1706 2678 1786 utroque
2735 1685 2875 1786 [c]
2915 1744 2933 1763 .
2996 1688 3365 1763 Honorius
3387 1687 3602 1763 etiarn
3655 1713 3908 1762 aurum
3941 1683 4341 1762 tironicum

1376 1781 1734 1859 constituit
1784 1780 1971 1881 [d]:
2023 1781 2097 1860 &
2142 1783 2591 1882 gladiatores
2655 1787 2730 1864 in
2790 1788 3183 1867 Occidente
3235 1788 3509 1891 penitus
3566 1786 3832 1865 sustulit
3893 1784 4095 1886 [eJ.

1936 1977 1937 1980 ¹
2435 1972 3328 2050 SECTlolst

1933 2134 2138 2268 De
2238 2133 2693 2265 Ediflis
2780 2129 3786 2324 Magzstmtuum.

2761 2359 2827 2461 ᾳ.
2936 2362 2991 2440 1.

1538 2554 1876 2628 Raetores
1945 2569 2157 2647 atque
2221 2545 2498 2623 Aediles
2567 2544 2670 2622 his
2725 2546 3155 2646 temporibus
3214 2546 3408 2623 nulla
3458 2544 3716 2623 Ediaa
3779 2543 4188 2649 proposuisse
4241 2548 4351 2624 vi-

1390 2555 1534 2741 P
1590 2652 1895 2747 dentur,
1963 2651 2081 2751 qui
2133 2647 2437 2726 adstriffl
2501 2648 2759 2725 Edieto
2810 2649 3160 2748 Perpetuo
3214 2650 3314 2745 jus
3365 2648 3765 2744 redderent,
3807 2674 4227 2750 parvamque
4283 2673 4358 2724 a·

1385 2759 1520 2834 deo
1595 2752 2006 2855 potestatem
2083 2750 2410 2826 haberent
2441 2806 2462 2824 .
2520 2752 2624 2827 At
2691 2746 3079 2827 Praefeeios
3161 2751 3518 2827 Praetorio
3554 2807 3579 2845 ,
3643 2747 4169 2852 Praele'e‘tosque
4252 2775 4360 2826 ura

1394 2859 1463 2935 bi
1522 2856 1747 2935 edifila
1806 2851 2261 2956 promulgass'e
2319 2865 2505 2928 nunc
2570 2850 2855 2951 quidem
2925 2849 3405 2954 frequentiuS,
3452 2851 3837 2952 majorique
3904 2878 4068 2930 cum
4126 2850 4364 2929 auGlo-

1394 2961 1603 3037 ritate
1644 3017 1668 3055 ‚
1716 2957 2089 3058 reperimus
2146 3012 2165 3030 .
2250 2954 2452 3031 Nam
2518 2951 2642 3032 etsi
2701 2975 2908 3031 antea
2960 2953 3029 3032 id
3082 2979 3366 3070 quoque
3439 2951 3707 3032 saelum
3759 2952 3856 3030 est
3898 3011 3924 3050 ,
4006 2954 4221 3031 rarius
4275 2974 4373 3030 ta·

1395 3087 1557 3139 men
1617 3058 1882 3139 facium
1952 3056 2229 3134 videtur
2286 3113 2306 3132 .
2370 3057 2631 3159 Neque
2686 3081 2854 3132 vero
2920 3055 2991 3133 id
3042 3056 3435 3133 mirandum
3487 3052 3581 3134 est
3619 3113 3643 3149 ,
3713 3079 3878 3134 cum
3941 3053 4044 3133 his
4103 3077 4370 3158 ternpo-

1394 3164 1580 3241 'ribus
1640 3158 2155 3239 PraefeROrum
2256 3156 2486 3235 uidem
2555 3157 2912 3236 Praetorio
2965 3158 3261 3261 potestas
3324 3157 3396 3236 in
3461 3157 3782 3237 civilibus
3837 3214 3865 3256 ,
3920 3157 3995 3236 in
4073 3155 4206 3236 suis
4258 3183 4371 3235 cu·

1342 3278 1343 3281 ‘
1399 3264 1636 3366 jusque
1685 3262 2102 3341 dioecesibus
2134 3318 2158 3357 ‚
2242 3282 2482 3336 umma
2541 3260 2704 3339 effer
2740 3319 2765 3357 ,
2823 3258 3159 3339 Praefeffi
3222 3284 3461 3338 autem
3531 3260 3712 3337 Urbi
3782 3256 4136 3338 summum
4204 3284 4373 3362 quo-

1398 3392 1537 3467 que
1605 3365 1975 3465 imperium
2011 3420 2037 3459 ‚
2104 3385 2530 3463 omnemque
2590 3362 3006 3477 potestatem
3060 3363 3134 3439 in
3188 3363 3386 3440 Urbe
3422 3420 3447 3458 ‚
3528 3382 3844 3439 tenerent
3883 3420 3902 3438 .
3955 3364 4218 3464 Neque
4267 3386 4378 3437 ve-

1402 3492 1485 3545 ro
1558 3464 1784 3543 solum
1853 3462 2420 3542 Constitutiones
2496 3462 2901 3565 Pnncipum
2964 3522 2989 3560 ,
3083 3465 3170 3542 ad
3237 3461 3302 3540 se
3391 3462 3616 3541 musas
3680 3521 3704 3560 ‚
3783 3463 3853 3539 hi
3944 3464 4376 3562 magistratus

1405 3568 1933 3671 publicabant:
2028 3569 2224 3665 cujus
2304 3566 2402 3643 rei
2477 3567 2703 3642 multa
2762 3565 3082 3668 exempla
3156 3586 3402 3643 extant
3489 3563 3625 3666 [b]
3704 3593 3722 3644 ε
3790 3564 3899 3643 sed
3984 3567 4202 3642 etiarn
4265 3565 4377 3642 sua

1394 3670 1652 3771 -sponte
1683 3727 1709 3767 ,
1727 3667 1777 3744 fi
1807 3668 1977 3772 quid
2002 3694 2043 3747 e
2064 3665 2418 3771 republica
2452 3667 2590 3745 effe
2616 3667 2966 3747 videretur
2986 3727 3012 3766 ,
3042 3667 3405 3746 edicebant
3431 3724 3453 3746 .
4013 3666 4080 3768 ᾗ.
4191 3667 4287 3745 IL

1487 3872 1552 3912 ex
1579 3849 1729 3930 vestr.
1766 3867 1879 3932 pet.
1908 3850 2030 3933 ipsa
2058 3850 2235 3915 hodie
2277 3872 2398 3914 non
2454 3866 2661 3914 extat.
2708 3851 2861 3912 Lau·
2987 3854 3126 3931 Jur.
3173 3851 3313 3911 Civ.
3363 3849 3441 3912 Θ·
3504 3854 3648 3911 Can.
3700 3848 3943 3911 inseruit
4003 3852 4386 3909 Meermannus

1490 3934 1591 3994 dat
1624 3932 1808 3994 etiam
1854 3930 2163 4009 Ambrost'us
2211 3950 2291 4013 ep.
2342 3933 2419 3993 ad
2478 3935 2700 3993 Parem.
2745 3936 2862 3992 Au·
2921 3924 2944 3943 ‘
3001 3932 3083 3994 V.
3121 3931 3199 3992 C.
3238 3932 3348 3993 Sed
3398 3930 3569 3994 huius
3606 3932 3742 3991 ICti
3779 3932 4035 3992 rationes
4080 3929 4232 3991 mihi
4273 3950 4384 3991 non

1484 4012 1678 4095 gustin.
1709 4012 1776 4073 de
1831 4016 1970 4074 Civ.
2012 4017 2124 4076 Dei
2154 4017 2293 4076 XV.
2334 4015 2427 4075 16.
2474 4034 2627 4097 quae
2657 4014 2867 4075 deinde
3007 4014 3287 4075 videntur
3354 4013 3481 4075 vim
3546 4010 4160 4075 Gothofredianorum
4217 4031 4382 4089 argu-

1494 4095 1570 4155 ab
1622 4095 1886 4157 Arcadio
1940 4095 2333 4179 Honorioque
2366 4141 2390 4171 ,
2425 4096 2504 4163 ,δι
2573 4093 2629 4156 se
2676 4095 2866 4157 uenti·
3007 4112 3345 4156 mentorum
3423 4092 3725 4154 infirmare
3756 4138 3774 4168 ,
3835 4095 4112 4232 guanwis
4171 4111 4384 4170 magno

1492 4176 1601 4237 bus
1627 4220 1647 4250 ‚
1701 4178 1865 4239 varie
1919 4178 2180 4240 correRa
2252 4193 2563 4239 mutarave
2610 4195 2644 4238 e
2714 4220 2732 4235 .
2781 4177 2865 4235 O-
2994 4192 3212 4236 conatu
3246 4174 3575 4236 elaboravit
3611 4178 3688 4234 Le
3718 4177 3837 4233 Gen
3879 4197 3933 4231 r.-
3960 4217 3976 4233 .

1491 4277 1692 4318 mnem
1759 4256 1932 4319 huius
1998 4259 2142 4328 juris
2217 4257 2575 4342 progressum
2631 4257 2755 4320 vid.
2802 4257 2862 4315 in
2913 4252 3024 4337 [c]
3069 4258 3139 4316 L.
3181 4276 3271 4331 14.
3305 4254 3614 4333 Confisus).
3663 4254 3732 4315 de
3781 4253 3955 4333 Episc.
3999 4254 4079 4317 <9⁹
4129 4254 4278 4315 Cler.
4316 4251 4390 4315 &

1491 4338 1687 4399 Reizii
1714 4338 1795 4399 V.
1843 4338 1921 4399 C.
1981 4339 2199 4418 Excurs.
2277 4341 2350 4400 X.
2418 4338 2495 4398 ad
2531 4335 2769 4418 Theopb.
2807 4353 2864 4416 p.
2993 4340 3068 4398 L.
3104 4357 3200 4415 35.
3239 4336 3380 4397 Cod.
3422 4335 3538 4397 Th.
3569 4336 3643 4396 d.-
3691 4336 3869 4418 Eptjh.

1503 4419 1679 4495 1184
1702 4416 1832 4499 sqq.
1860 4416 1960 4480 ubi
2000 4418 2300 4503 Excerpta
2353 4419 2484 4481 sunt
2530 4440 2600 4481 ex
2661 4416 2868 4480 multis
2919 4416 3038 4499 [d]
3083 4418 3153 4478 L.
3195 4438 3253 4494 7.
3284 4423 3358 4479 C.
3400 4416 3515 4478 Th.
3547 4419 3644 4497 qui
3681 4440 3724 4476 a
3763 4413 3946 4499 praeb.
3980 4418 4139 4477 tiron.
4173 4415 4245 4477 de
4282 4435 4395 4497 quo

1496 4499 1666 4581 super
1702 4522 1772 4561 ea
1808 4520 1868 4561 re
1937 4498 2251 4564 hominum
2300 4502 2609 4565 deciorum
2674 4497 2869 4582 dispu-
2998 4521 3061 4561 v.
3103 4496 3363 4559 stewech.
3404 4500 3476 4561 ad
3506 4502 3679 4577 Veget.
3708 4515 3766 4577 p.
3816 4518 3911 4573 27.
3956 4498 4018 4559 &
4069 4502 4145 4557 A.
4189 4497 4392 4557 Ruben.

1495 4580 1857 4643 rationibus.
2667 4653 2674 4660 .
3004 4579 3148 4641 Dim
3195 4580 3263 4639 de
3293 4582 3497 4641 Mallio
3530 4579 3800 4639 Theodoro
3835 4596 3893 4659 p.
3941 4601 4019 4639 m.
4054 4600 4160 4654 40.

1414 4658 1536 4798 '¹:2³
1582 4662 1657 4722 In
1711 4662 1955 4743 Append.
1987 4662 2125 4727 eod.
2157 4661 2369 4728 Theod.
2924 4657 3035 4744 [e]
3080 4660 3390 4721 Theodoret.
3423 4661 3503 4722 V.
3557 4664 3650 4722 26.
3699 4660 3826 4723 vid.
3875 4662 4021 4740 Pagi
4080 4659 4226 4720 Crie.
4270 4662 4398 4719 Bar.

1461 4700 1549 4899 ἢ
1581 4743 1855 4813 Subieaa
1904 4745 2122 4806 Codicis
2167 4743 2375 4807 Theod.
2410 4748 2491 4806 τ.
2537 4745 2655 4806 vl.
3005 4742 3082 4801 aa
3117 4768 3171 4802 a.
3211 4740 3352 4803 cer.
3891 4768 3892 4771 κ

1419 4802 1508 4904 th
1595 4826 1745 4886 meri
1780 4847 1954 4902 eam,
2000 4828 2062 4889 &
2112 4848 2152 4889 a
2196 4825 2603 4904 Gothofredi,
2648 4840 2715 4887 nt
2753 4824 2873 4901 air,
2927 4820 3046 4903 [a]
3092 4826 3160 4883 L.
3207 4843 3261 4883 2.
3303 4828 3376 4883 e.
3426 4822 3494 4883 A.»
3534 4821 3663 4899 off.
3732 4818 3916 4898 Pms.
3964 4823 4148 4883 Pras-2.
4198 4821 4399 4881 ora-m.

1507 4903 1821 4966 calumniis
1868 4907 2115 4970 liberare
2164 4909 2460 4970 laboravit
2527 4911 2607 4967 Le
2669 4905 2880 4965 Gendre
3010 4904 3089 4965 <9¹
3142 4904 3296 4963 Illvr.

1508 4982 1692 5044 ICtus
1746 4986 2215 5050 Franco-Gallus
2269 4990 2343 5052 de
2399 4986 2682 5068 episcopali
2728 4986 2878 5065 iudi·
2924 4981 3046 5069 [b]
3089 5006 3150 5047 v.
3180 4987 3429 5047 Heinecc.
3464 4983 3605 5063 Hist.
3667 4982 3849 5046 EdiH.
3876 5001 3952 5063 p..
3997 5002 4093 5064 52.
4129 4985 4190 5044 in
4217 4978 4427 5064 Osufiw

1500 5064 1585 5128 cio
1620 5084 1801 5148 quem
1843 5070 2342 5133 commentarium
2402 5073 2479 5132 Τ.
2537 5062 2653 5131 IV.
2710 5065 2877 5147 Thes.
3015 5064 3249 5145 Pastum.
4129 5130 4133 5135 ,

4309 5292 4376 5304 ⁶0——
