4702 6338
1435 435 1588 509 340
1952 401 2125 484 Lib.
2160 410 2279 483 IV.
2323 409 2500 503 Cap.
2532 409 2621 481 II.
2655 407 2838 502 Des
2837 398 3377 500 urisprudentia
3418 398 3806 498 novifflmae

2624 582 2690 682 §.
2795 584 3011 659 VIII.

1435 798 1831 849 Romanus
1908 770 2039 845 IV.
2112 766 2603 866 Argyropulus
2661 792 2702 842 a
2775 765 3186 843 liberalitate
3244 764 3384 843 five
3450 765 3931 866 prodigalitate
3981 825 4008 864 ,
4141 794 4304 847 uam

1329 873 1567 977 primis
1646 871 1915 972 imperii
1965 870 2160 946 annis
2219 870 2572 966 exercuit,
2640 868 2864 945 dicius
2901 927 2927 965 ,
2988 893 3175 944 anno
3227 867 3606 945 MXXIX.
3669 869 4042 969 imperium
4132 870 4308 948 usce-

1329 976 1437 1078 pit
1480 1032 1498 1050 .
1581 974 1786 1050 Cum·
1840 971 2138 1047 barbaris
2192 995 2336 1047 rem
2404 971 2585 1046 male
2641 969 2894 1070 geffit;
2962 995 3102 1071 qua
3158 966 3481 1046 fortunae
3543 967 3904 1070 asperitate
3941 1028 3968 1067 ,
4036 971 4208 1049 exas
4280 1019 4308 1034 -

1328 1096 1518 1153 ratus
1579 1072 1720 1174 ipse
1761 1130 1787 1169 ,
1838 1094 1915 1149 ut
1973 1071 2210 1149 amiffa
2262 1069 2571 1173 pensaret
2647 1070 3173 1173 quodammodo
3205 1129 3231 1167 ,
3297 1070 3586 1148 mutatis
3641 1072 3946 1148 moribus
3998 1130 4024 1168 ,
4084 1070 4195 1150 sac
4230 1099 4306 1150 us

1328 1175 1428 1253 est
1459 1234 1486 1271 ,
1562 1201 1650 1251 ex
1705 1200 1924 1276 opum
1985 1195 2425 1252 contemtore
2507 1232 2532 1271 ,
2609 1174 2887 1250 acerbus
2967 1173 3364 1249 debitorum
3428 1169 3762 1249 fiscalium
3836 1172 4122 1250 exaflor
4158 1232 4183 1271 ,
4236 1175 4310 1252 8(

1330 1274 1669 1378 pecuniae
1742 1274 2163 1354 avidissimus
2201 1333 2222 1352 .
2306 1275 2468 1352 Post
2577 1276 2834 1376 uirique
2889 1299 3231 1350 annorum
3286 1272 3951 1351 administrationem
4006 1332 4032 1371 ,
4096 1276 4351 1377 impe-,

1326 1379 1517 1456 rium
1541 1434 1567 1475 ,
1631 1377 1811 1454 unde
1858 1398 2212 1479 acceperat
2238 1436 2260 1473 ,
2327 1376 2515 1478 perdi
2568 1379 2620 1453 it
2655 1434 2674 1453 .
2728 1378 2882 1453 Zoe
2929 1375 3117 1452 enim
3168 1400 3344 1451 uxor
3389 1432 3414 1471 ,
3484 1375 3859 1451 Michaelis
3919 1375 4309 1477 Paphlogo-

1331 1477 1439 1555 nis
1492 1504 1729 1556 amore
1801 1480 2063 1580 percita
2090 1536 2117 1575 ,
2191 1503 2309 1579 per
2380 1477 2563 1555 hunc
2630 1476 2896 1556 sustulit
2953 1503 3118 1555 eum
3169 1503 3209 1555 e
3262 1475 3499 1555 medio
3532 1533 3559 1575 ,
3633 1474 4165 1580 adulterumque
4238 1479 4311 1558 in

1333 1597 1498 1658 toro
1550 1580 1622 1659 8<
1676 1581 1979 1682 imperio
2042 1579 2461 1658 collocavit.

2675 1762 2740 1862 ς.
2796 1762 2926 1841 1x.

1331 1957 1336 1964 '
1437 1971 1793 2026 Mlanl-:L
1848 1947 1981 2024 IV.
2034 1945 2442 2047 Paphlago,
2504 1970 2690 2023 anno
2753 1944 3018 2023 Christi
3093 1943 3508 2022 MXXXV.
3569 1944 3957 2045 Imperator
4011 1943 4233 2023 faetus
4274 2003 4301 2043 ,

1336 2043 1452 2125 sex
1516 2073 1732 2126 annos
1790 2049 2105 2147 regnavit
2148 2075 2170 2125 ε
2245 2068 2483 2125 totum
2534 2068 2771 2124 autem
2830 2046 3005 2123 istud
3076 2043 3479 2123 sexennium
3541 2047 3768 2123 omnis
3821 2050 4083 2146 generis
4133 2048 4307 2124 cala-

1335 2148 1699 2226 mitatibus
1734 2207 1761 2246 ,
1811 2147 1996 2227 same
2036 2207 2062 2246 ,
2110 2147 2415 2226 siccitate
2450 2208 2476 2246 ,
2584 2146 3127 2226 estilentiaaliis
3168 2175 3251 2225 ue
3305 2145 3628 2225 infestum
3674 2145 3867 2224 fuit:
3933 2174 4161 2250 neque
4208 2146 4309 2226 fo-

1336 2251 1427 2328 ris
1499 2250 1746 2328 melius
1801 2249 2274 2329 administrata
2320 2276 2423 2327 res
2494 2276 2531 2327 e
2635 2306 2654 2326 .
2736 2251 2937 2327 Tota
2995 2174 3233 2326 Sicilia
3292 2248 3364 2326 8(
3434 2249 3641 2325 Italia
3682 2307 3708 2345 ,
3771 2251 4077 2350 exceptis
4145 2275 4315 2352 pau-

1337 2349 1614 2428 cissimis
1673 2352 1952 2430 urbibus
1988 2409 2014 2448 ,
2060 2351 2334 2429 amissae
2373 2406 2392 2427 .
2460 2352 2717 2452 Neque
2778 2351 2980 2428 aliter
3033 2349 3181 2427 fieri
3237 2370 3509 2452 poterat
3542 2408 3567 2445 ,
3619 2352 4095 2450 Imperatore,
4150 2376 4304 2453 pro-

1389 2472 1492 2528 ter
1551 2453 1878 2529 morbum
1936 2451 2280 2531 sonticum
2313 2512 2338 2551 ,
2389 2453 2713 2529 omnibus
2773 2452 3063 2554 publicis
3125 2449 3264 2528 fere
3334 2451 3637 2552 negociis
3702 2451 4084 2529 abstinente
4112 2511 4138 2549 ,
4202 2477 4303 2529 re-

1210 2553 1213 2557 ‘
1338 2476 1597 2653 litisque
1647 2553 1970 2629 omnibus
2022 2553 2320 2631 aliorum
2351 2612 2376 2650 ,
2428 2574 2550 2629 aut
2607 2555 3089 2653 imperitorum
3123 2610 3148 2647 ,
3213 2574 3335 2630 aut
3410 2554 3934 2654 improborum,
3999 2553 4302 2630 ministe-

1338 2654 1444 2728 rio
1505 2652 1874 2752 permistis·
1940 2652 2268 2731 Tandem
2322 2652 2835 2753 ingravescente
2896 2655 2965 2730 in
3036 2654 3177 2731 dies
3230 2655 3479 2730 morbo
3520 2712 3545 2751 ,
3618 2656 3703 2732 de
3755 2654 4040 2731 confilio
4104 2657 4314 2754 Joan-

1339 2754 1443 2828 nis
1477 2753 1813 2854 Spadonis
1847 2812 1873 2850 ,
1933 2751 2156 2832 fratris
2209 2754 2306 2832 sui
2361 2815 2387 2853 ,
2444 2757 2833 2857 Imperator
2885 2757 3084 2831 uxori
3148 2754 3335 2832 dedit
3393 2758 3807 2855 negocium,
3862 2756 4317 2845 utMichae-

1338 2853 1481 2929 lem
1552 2854 2023 2955 Calaphatem
2081 2854 2324 2934 sororis
2373 2856 2529 2934 suae
2581 2857 2807 2934 filium
2856 2915 2881 2954 ,
2947 2858 3308 2958 adoptaret
3356 2883 3375 2934 :
3454 2858 3842 2958 Imperator
3898 2882 4064 2934 eum
4123 2858 4310 2936 Cae-

1341 2950 1561 3036 sarem
1613 2955 1915 3059 adpellat
1949 3013 1970 3034 .
2042 2958 2293 3037 Paullo
2353 2958 2509 3060 post
2561 2959 3060 3038 monasterium
3112 2957 3438 3057 ingressus
3491 2961 3833 3037 moritur.

2690 3140 2757 3242 ς.
2860 3141 2952 3220 x.

1333 3354 1338 3357 ·
1443 3348 1799 3399 imorum.
1850 3323 1947 3400 V.
1996 3323 2424 3422 Calaphates
2458 3329 2501 3422 ,'
2557 3325 2775 3403 homo
2828 3325 3182 3426 improbus
3211 3384 3237 3422 ,
3305 3325 3610 3426 ingratus
3645 3383 3670 3423 ,
3737 3326 3811 3405 8(
3864 3327 3935 3405 in
3988 3326 4143 3423 suos
4191 3356 4317 3407 co-

1340 3443 1589 3521 gnatos
1668 3421 1902 3501 saevus
1953 3481 1979 3522 ,
2068 3424 2311 3502 eodem
2387 3450 2573 3502 anno
2639 3427 2936 3502 MXLI.
3031 3453 3175 3529 quo
3237 3427 3324 3504 ad
3390 3429 3761 3529 imperium
3827 3427 4306 3527 adscenderat,

1340 3545 1649 3623 quatuor
1711 3524 2051 3602 menfibus
2099 3526 2360 3602 exafilis
2392 3584 2417 3621 ,
2470 3524 2699 3604 furore
2754 3528 3057 3605 civitatis
3110 3529 3510 3609 deturbatus
3557 3531 3856 3633 imperio
3901 3531 4040 3633 est3
4107 3557 4307 3611 revo-
4418 3554 4421 3559 ⁴

1342 3644 1500 3701 cata
1566 3627 1769 3724 Zoe,
1824 3650 2004 3729 quae
2080 3627 2153 3703 in
2207 3627 2501 3706 exilium
2555 3630 2646 3706 ab
2698 3656 2783 3708 eo
2838 3629 3030 3731 pulsa
3078 3650 3275 3709 erat.

2668 3811 2735 3911 §.
2838 3814 2973 3890 xl.

1440 4015 2068 4071 consa-Annuus
2120 3994 2333 4094 igitur
2381 3975 2516 4072 XI.
2569 3993 3110 4093 Monomaclms,
3161 4023 3204 4073 a
3256 3994 3407 4076 Zoe
3456 3995 3591 4076 tori
3657 3995 3730 4076 8(
3813 3999 4086 4100 imperii
4142 4027 4301 4079 con·

1340 4083 1478 4167 sors
1546 4093 1792 4170 eodem
1840 4119 2028 4172 anno
2099 4093 2321 4174 faRus
2357 4124 2401 4193 ,·
2456 4097 2764 4174 multum
2822 4098 3235 4175 calamitatis
3300 4099 3519 4201 passus
3580 4100 3675 4178 est
3726 4126 3769 4176 a
3830 4100 4064 4179 Ruffis
4111 4160 4137 4199 ,
4233 4127 4312 4180 ae

1341 4192 1599 4270 Turcis
1633 4253 1659 4291 ,
1711 4197 2102 4296 provincias
2154 4198 2580 4275 vastantibus
2620 4258 2646 4296 ,
2696 4225 2778 4275 ac
2835 4220 3116 4277 tantum
3181 4226 3324 4278 non
3377 4203 3619 4278 urbem
3689 4205 4303 4303 oppugnantibus:

1339 4293 1592 4409 quibus
1645 4294 1785 4397 ipse
1840 4297 2364 4399 quodammodo
2418 4300 2686 4378 aditum
2727 4299 3199 4401 patefecerat,
3256 4303 3578 4381 detractis
3644 4303 3982 4407 praesidiis
4053 4305 4313 4382 limita-

1339 4418 1486 4472 neis
1521 4454 1547 4492 ,
1618 4422 1706 4474 ne
1757 4397 2172 4501 stipendium
2239 4400 2502 4480 solvere
2560 4401 2818 4480 necesse
2867 4401 3048 4481 soret
3086 4461 3106 4480 .
3192 4409 3501 4483 Mortuo
3569 4407 3633 4484 ei
3668 4465 3695 4502 ,
3760 4431 3948 4485 anno
4008 4409 4308 4484 MLIV.

1340 4494 1649 4575 successit
1713 4527 2140 4579 THEODORA
2179 4561 2205 4599 ,
2271 4506 2460 4581 Zoes
2507 4504 2831 4605 augustae
2898 4502 3123 4603 soror,
3183 4532 3540 4610 unumque
3594 4534 3859 4585 annum
3901 4509 4309 4610 imperavit.

1349 4597 1525 4674 Inde
1592 4627 2067 4680 ΜιεΗΑειεΜ
2133 4606 2270 4683 VI.
2328 4604 2831 4684 Stratioticum
2897 4633 3081 4684 anno
3160 4610 3460 4688 MLVI.
3533 4610 3963 4713 decrepitum
4017 4613 4158 4708 jam
4218 4608 4311 4687 se-

1350 4723 1515 4813 nem
1545 4757 1570 4797 ,
1617 4704 1877 4787 creavit
1937 4706 2044 4783 Im
2138 4729 2481 4787 ratorem:
2534 4709 2656 4812 qui
2694 4732 2922 4787 rerum
2973 4710 3422 4809 gerendarum
3474 4710 3547 4789 8(
3616 4712 4138 4790 benevolentiae
4178 4710 4318 4787 col-

1346 4797 1658 4898 ligendae
1723 4806 1907 4885 rudis
1952 4864 1981 4908 ,
2108 4810 2252 4889 revi
2327 4810 2481 4913 post
2518 4869 2547 4910 ,
2622 4832 2867 4890 contra
2954 4809 3178 4915 ipsum
3256 4837 3300 4890 a
3363 4813 3528 4892 viris
3595 4814 4010 4894 militaribus
4040 4833 4314 4994 Icreato

1573 4956 1580 4963 -
4080 4940 4225 5025 mp.
