4702 6338
1464 409 1513 461 ’π
1526 408 1625 482 34
1984 378 2139 461 Lib.
2171 388 2294 459 III.
2340 386 2511 481 Cap.
2556 388 2647 458 ΙΙ.
2682 387 2799 459 De
2817 375 3432 482 jurisprudentia
3472 400 3672 455 nova

2646 559 2750 661 v§.
2794 568 2799 572 '
2858 559 2987 638 IX.

1458 777 1552 827 M.
1603 764 1902 826 opums
1955 773 2381 824 minumus
2422 743 2574 847 post
2624 742 2790 821 haec
2818 802 2846 839 ,
2921 766 3040 843 per
3096 744 3353 820 milites
3406 740 3885 843 largitionibus
3932 760 4346 860 corruptos,‘

1355 853 1725 953 imperium
1775 850 2066 950 adeptus
2120 846 2266 944 est,
2317 872 2382 924 a.
2434 848 2531 923 V.
2586 844 3204 924 DCCCCLXX.
3296 844 3500 923 Chr..
3530 841 3938 922 CCXVII.
3992 846 4059 922 Is
4109 847 4313 925 Iiber-

1355 953 1511 1029 tino
1561 976 1806 1051 genere
1858 950 2248 1051 humilique
2284 971 2479 1026 ortus
2514 1006 2540 1046 ,
2591 946 2921 1026 industria
2984 945 3103 1024 sua
3160 973 3280 1048 per
3331 944 3576 1047 gradus
3633 946 3721 1022 ad
3787 944 4304 1028 Praefefiiuram

1355 1054 1714 1130 Praetorio
1766 1070 2167 1151 pervenerat
2203 1078 2223 1127 ε
2276 1075 2492 1153 quam
2553 1070 2708 1128 turn
2775 1050 3053 1148 gerebat
3078 1106 3105 1145 ,
3156 1074 3318 1125 cum
3370 1047 3651 1124 caedem
3698 1047 4113 1126 Caracallae
4165 1072 4308 1152 per-

1403 1173 1653 1230 etraret
1683 1209 1704 1229 .
1759 1153 1955 1229 Inito
1993 1152 2328 1254 impe-rin,
2371 1152 2602 1230 statim
2659 1150 2889 1227 filium
2942 1174 3660 1226 mAnuMEmANUM
3705 1148 3886 1226 dixit
3934 1149 4309 1231 Caesarem

1354 1180 1519 1353 ἴς]
1557 1253 1628 1331 8(
1681 1254 1914 1354 postea
1953 1252 2388 1353 Augustum.
2427 1252 2806 1356 Imperavit
2848 1249 3369 1351 flagitiosissime
3408 1276 3529 1352 per
3554 1250 4083 1352 quatuordec'nn
4121 1275 4312 1331 meri-

1354 1354 1498 1432 ses:
1545 1356 1796 1457 quibus
1853 1356 2112 1432 eaniis
2162 1380 2327 1432 cum
2378 1354 2530 1432 filio
2582 1352 2843 1433 occisus
2883 1353 2979 1430 est
3010 1409 3030 1429 .
3083 1353 3432 1430 Ceterum
3464 1352 3539 1428 in
3586 1356 3732 1449 jure
3765 1378 3906 1429 non
3956 1354 4314 1434 incallidus

1354 1456 1629 1533 habitus
1678 1456 1777 1533 est
1815 1458 1915 1556 [r
1946 1457 2015 1553 ]:
2070 1457 2191 1559 qui
2240 1456 2553 1534 statuerit
2599 1456 2842 1533 omnia
2892 1449 3213 1555 rescripta
3260 1475 3581 1531 veterum
3644 1453 4043 1555 Principum
4104 1457 4303 1534 tolle·-

1334 1567 1483 1654 ’τες
1535 1561 1806 1656 utwjure
1842 1616 1867 1652 ,
1921 1583 2062 1635 non
2124 1556 2460 1660 rescriptis
2490 1617 2515 1654 ,
2584 1577 2957 1658 ageretur,
3025 1554 3212 1633 nefas
3268 1554 3401 1634 effe
3455 1552 3741 1652 dicens,
3807 1557 4025 1656 Leges
4079 1557 4306 1661 videri

1354 1660 1744 1737 Commodi
1796 1660 1869 1736 8(
1925 1660 2334 1738 Caracallae
2370 1657 2455 1737 ⁴&
2504 1660 2872 1737 hominum
2923 1658 3412 1759 imperitorum
3459 1658 4097 1753 voluntates-scum
4127 1661 4301 1736 Tra·

1352 1763 1980 1862 janusnumquam
2030 1760 2277 1839 libellis
2314 1760 2734 1862 responderit
2770 1819 2793 1856 ,
2844 1784 2931 1838 ne
2982 1760 3067 1836 ad
3130 1760 3296 1836 alias
3349 1757 3579 1836 causas
3625 1756 3815 1836 faSta
3855 1758 4304 1861 produceren-

1355 1881 1519 1958 tur,
1569 1888 1748 1965 quae
1781 1862 1877 1938 -ad
1921 1863 2214 1962 gratiam
2259 1862 2647 1964 composita
2697 1863 3097 1940 viderentur
3143 1859 3325 1961 [5].
4291 1901 4292 1904 κ

2707 2019 3119 2145 §.x‘

1454 2225 2104 2307 Nanciscituranno
2141 2231 2237 2307 V.
2260 2224 2923 2308 DCCCCLXXI.
2970 2226 3149 2305 Chr.
3186 2218 3589 2305 CCXIIX.
3613 2225 3982 2328 imperium
4026 2188 4316 2309 utana}-

1359 2358 1639 2427 RALUS,
1691 2332 2040 2409 Antonini
2076 2332 2483 2411 Caracallae
2519 2330 2747 2426 filius3
2804 2330 3136 2408 creditus,
3185 2331 3266 2405 -Is
3314 2355 3477 2406 cum
3525 2326 3828 2412 sacerdos
3876 2332 3988 2409 dei
4058 2332 4134 2408 in
4201 2319 4326 2434 Sy-

1353 2433 1480 2527 ria,
1515 2434 1634 2533 qui
1670 2435 1954 2510 nomine
1993 2433 2358 2532 Elagabali
2398 2432 2800 2528 colebatur,
2827 2430 3004 2507 esset
3035 2490 3060 2528 ‚
3123 2430 3303 2508 uude
3341 2431 3553 2508 etiam
3605 2457 3860 2507 nomen
3902 2432 4002 2509 illi
4044 2431 4261 2509 haesit
4298 2491 4326 2531 ,

1354 2534 1552 2610 aviae
1588 2533 1960 2634 matrisque
2008 2533 2138 2633 [t]
2203 2554 2348 2610 arte
2386 2535 2459 2611 8(
2524 2534 2887 2633 largitione
2947 2558 2990 2608 a
3054 2533 3393 2609 militibus
3454 2532 3673 2608 leS’tus
3732 2530 3825 2609 est
3883 2535 4321 2637 Imperator3

1353 2634 1626 2733 egregia
1666 2631 1893 2712 forma
1927 2637 2242 2734 juvenis,
2295 2633 2410 2713 sed
2441 2657 2557 2712 tur
2605 2634 2831 2712 'ffimo
2866 2635 3107 2711 auimo
3132 2693 3158 2729 ,
3194 2633 3681 2711 &teterrimis
3718 2635 4028 2713 moribus
4059 2692 4081 2710 .
4110 2637 4323 2735 Quos

1353 2735 1639 2836 quidem
1674 2760 1793 2838 per
1827 2760 2044 2814 annos
2077 2756 2212 2814 tres
2249 2735 2323 2814 8(
2367 2762 2529 2814 men
2560 2762 2629 2813 es
2688 2762 2989 2832 novem,
3041 2735 3295 2830 quibus
3348 2736 3722 2836 imperavit
3752 2793 3779 2831 ,
3833 2735 3937 2813 ita
3989 2739 4327 2834 exeruitss,

1357 2858 1435 2916 ut
1480 2836 1754 2915 nullum
1793 2835 2044 2935 sceluS,
2084 2838 2359 2915 nullum
2396 2836 2785 2937 flagitium,
2822 2838 3017 2918 nulla
3060 2836 3280 2924 libido
3329 2836 3537 2932 esset,
3572 2862 3754 2939 quae
3822 2862 3965 2915 non
4001 2837 4075 2915 8(
4138 2840 4327 2939 cupi-

1352 2936 1620 3017 dissime
1659 2937 2011 3039 adpeteret
2038 2997 2062 3036 ,
2114 2938 2188 3017 8(
2229 2938 2687 3040 promtissime
2723 2961 3069 3020 exerceret
3097 2996 3117 3015 .
3186 2935 3444 3015 insanis
3478 2936 3855 3035 sumtibus,
3901 2959 4115 3040 atque
4135 2941 4322 3018 dam-

1355 3042 1502 3135 nis,
1552 3057 1795 3125 omnes
1830 3041 2244 3142 reipublicae
2279 3042 2459 3119 vires
2496 3041 2806 3120 exhausit
2833 3101 2852 3121 .
2907 3041 3235 3120 Tandem
3263 3039 3393 3117 diis
3448 3037 3979 3142 hominibusque
4022 3039 4319 3140 invisus,

1346 3139 1543 3230 facio
1594 3143 1862 3225 ineum
1897 3144 2209 3246 impetu,
2267 3139 2569 3244 occisus,
2623 3143 2697 3221 8(
2765 3143 2840 3224 in
2915 3141 3261 3244 Tyberim
3323 3139 3582 3221 tracius
3638 3140 3741 3220 est
3775 3139 3970 3243 [u].
4288 3159 4297 3165 ·

2677 3325 2745 3426 e
2863 3327 2998 3404 x1.

1460 3507 1790 3610 Sequitur
1862 3503 2343 3586 A'LExANDER
2422 3536 2808 3606 suvanos,
2875 3505 3476 3610 Imp.‘Elagabali
3516 3490 4314 3606 consobrinus'‚²'ma‘tre

1355 3610 1773 3688 Mammaea
1804 3599 2090 3688 natus.N
2115 3611 2266 3708 Qui
2311 3636 2475 3687 cum
2506 3613 2648 3709 jam
2700 3631 2861 3688 ante
2924 3611 3014 3687 ab
3085 3610 3495 3710 Elagabalo-
3528 3611 3942 3712 adoptatu3‚
3994 3612 4068 3692 8(
4138 3615 4321 3696 Cae·

1354 3710 1459 3788 sar
1486 3709 1710 3788 dielus
1756 3709 1920 3788 effer
1951 3769 1979 3808 ,
2027 3708 2298 3789 sublato
2339 3736 2476 3809 ee,
2520 3710 2844 3790 consensu
2884 3713 3101 3790 totius
3138 3712 3599 3813 reipublicae,
3648 3713 4100 3816 militumque
4121 3719 4316 3794 Prae-

1356 3812 1790 3889 torianorum
1830 3812 2098 3912 studio,
2151 3814 2522 3914 imperium
2565 3814 2830 3914 accepit
2874 3812 3029 3913 [x]
3060 3871 3086 3910 ,
3153 3812 3532 3889 admodum
3602 3816 3869 3910 juvenis
3927 3817 4139 3895 XVI.
4202 3844 4314 3896 an-

1354 3938 1650 4009 norum,
1696 3939 1889 3993 armo
1954 3915 2074 3992 V.=
2114 3914 2815 3998 DCCCCLXXV.
2869 3916 3051 3993 Chr.
3090 3914 3493 4010 CCXXII,
3546 3917 3809 4010 Matris
3844 3917 4204 4021 disciplina
4251 3921 4323 3999 8(

1334 4017 1841 4115 ‹cura-egregie
1898 4016 2229 4095 educatus
2293 4016 2367 4093 8(
2435 4010 2845 4116 institutusf,
2917 4016 3225 4094 moribus
3288 4016 3572 4116 egregiis
3633 4013 3810 4116 fuit,
3863 4021 4162 4119 iugenio
4210 4025 4326 4100 au·

1334 4134 1518 4194 tem·
1570 4111 1671 4195 ita
1711 4116 2150 4218 mansuetu,
2204 4138 2435 4230 atque
2500 4120 2702 4218 leni,
2790 4140 2914 4206 υτ·
2942 4133 3065 4222 per
3103 4135 3377 4196 toturn
3428 4116 3717 4220 ³imperii
3805 4141 4129 4329 tempu}
4174 4125 4321 4203 nul.
