4702 6338
1532 474 1677 551 154
2054 452 2210 533 Lib.
2239 462 2362 534 III.
2419 462 2594 557 Cap.
2629 459 2698 534 l.
2723 464 2847 537 De
2868 452 3500 558 jurisprudentia
3529 481 3723 532 nova

1411 616 1866 696 creandorum
1930 617 2342 718 potestatem
2388 617 2475 695 ad
2521 615 2590 695 se
2641 617 3029 715 transtulit,
3081 621 3187 697 ita‘
3211 679 3237 718 ,
3290 642 3368 699 ut
3390 679 3415 716 ,
3458 618 3780 722 quamvis
3850 615 4196 694 rationem
4249 639 4372 691 co·-

1416 721 1825 814 mitiorum,
1872 744 1915 795 a
1946 718 2241 796 Caesare
2273 721 2682 816 inventam,
2714 720 3036 799 retineret
3058 779 3084 818 ,
3129 743 3412 818 tamen,
3470 746 3632 798 cum
3680 715 4373 797 commendationem

1417 823 1564 917 ejus
1613 822 1908 922 populus
1979 841 2329 898 teneretur
2377 819 2780 919 observare,
2842 848 3078 900 revera
3136 825 3157 901 i
3210 822 3272 900 se
3336 821 3842 925 propemodum
3889 843 4133 896 omnes
4185 841 4376 893 crea-

1417 942 1566 1000 ret:
1617 947 1821 1022 porro
1924 921 2264 999 rovincias
2306 949 2471 1000 cum
2523 925 2784 1001 Senatu
2855 924 2929 1001 8(
2972 951 3158 1027 popu
3187 952 3235 1003 o
3300 926 3594 1042 partitus
3647 922 3790 1017 est,
3849 923 3995 1015 ita,
4063 939 4142 996 ut
4171 975 4198 1014 ,
4275 942 4378 995 re·

1330 1120 1342 1131 ·
1391 1022 1633 1099 .miffis
1682 1048 1871 1123 popu
1900 1049 1947 1100 o
1996 1023 2369 1124 provinciis
2433 1026 2813 1102 minoribus
2860 1048 3075 1128 atque
3127 1027 3606 1118 tenuioribuS,
3673 1023 4096 1125 potentiores
4153 1022 4375 1112 majo-

1422 1121 1657 1224 resque
1698 1123 1815 1199 fibi
1865 1123 2277 1203 reservaret:
2325 1127 2626 1204 militem
2675 1127 2973 1228 denique
3014 1150 3425 1230 perpetuum
3466 1126 3817 1221 instituit,
3864 1148 4015 1200 rem
4057 1120 4145 1197 ad
4201 1120 4381 1221 prin-

1425 1225 1736 1327 cipatum
1788 1223 2208 1304 firmandum
2269 1227 2923 1329 opportunissimam
2979 1229 3160 1328 [u].

2715 1408 2780 1511 ς.
2884 1411 3094 1488 xw.

1530 1595 1616 1671 In
1655 1592 2159 1692 magistratibus
2221 1593 2294 1670 8<
2343 1592 2721 1671 honoribus
2773 1593 3167 1689 veteribuS,
3230 1592 3457 1694 primo
3503 1613 3972 1693 exponemus,
4013 1585 4186 1689 quid
4234 1610 4385 1662 mu·

1390 1697 1680 1773 'taverit
1713 1754 1733 1771 .
1787 1696 2120 1790 Consules
2170 1695 2454 1797 quidem
2498 1695 2938 1794 omnibusiis
2987 1694 3362 1772 honoribus
3431 1716 3643 1794 atque
3696 1690 4067 1789 insignibus
4113 1686 4374 1790 praedi·

1427 1818 1542 1873 tos
1611 1799 1741 1874 este
1806 1796 2024 1896 pass'us
2096 1796 2233 1892 est,
2284 1798 2534 1898 quibus
2586 1819 2793 1873 antea
2863 1795 2960 1872 uli
3029 1795 3287 1873 ess'ent:
3336 1793 3447 1872 sed
3503 1792 3916 1895 potestatem
3969 1788 4328 1866 imminuit
4358 1844 4383 1881 ,
4467 1825 4472 1828 -

1411 1895 1743 1996 fiaeffeffiis
1787 1896 2204 1996 Consulibus
2235 1897 2538 1984 creandis
2591 1899 2685 1996 [x
2712 1895 2790 1993 J,
2838 1923 2985 1998 quo
3054 1897 3360 1997 pluribus
3408 1895 3568 1972 fidei
3618 1893 3939 1994 cognitae
3987 1889 4386 1991 gratificari,

1427 1996 1741 2099 aliosque
1788 1996 1911 2074 fibi
1958 1999 2306 2076 devincire
2358 1996 2624 2099 posset:
2680 1998 2861 2076 unde
2904 1996 3264 2075 discrimen
3311 1994 3838 2075 ordinariorum
3876 1989 4278 2070 Consulum
4309 1989 4390 2074 δε

1407 2097 1919 2197 suffecflorum:
1950 2125 2255 2202 quorum
2286 2099 2390 2177 illi
2430 2099 2762 2177 Kalendis
2809 2100 3149 2199 Januariis
3208 2097 3716 2202 procedebant,
3758 2117 4157 2209 nomenque
4193 2115 4381 2167 anno

1426 2199 1684 2279 dabant
1711 2258 1737 2297 ,
1788 2226 1869 2277 ac
1928 2201 2263 2303 prioribus
2326 2221 2608 2279 tantum
2671 2199 2811 2278 fere
2875 2199 3215 2278 mensibus
3280 2197 3486 2276 fasces
3539 2197 3936 2274 habebant:
3999 2194 4071 2271 h1
4134 2212 4376 2269 autem

1429 2302 1671 2379 ceteris
1725 2301 1887 2378 anni
1945 2301 2284 2381 mensibus
2342 2301 2818 2384 Consulatum
2875 2302 3236 2402 gerebant.
3274 2302 3607 2379 Tertium
3669 2300 3888 2377 etiam
3934 2320 4147 2396 genus
4191 2294 4392 2372 Con·

1431 2399 1660 2481 sulum
1703 2402 2272 2501 honorariorum,
2310 2430 2486 2507 quos
2522 2402 2965 2480 codicillares
3011 2404 3246 2505 postea
3289 2402 3655 2497 dixerunt,
3689 2401 3853 2502 qui,
3908 2421 4073 2474 cum
4118 2391 4394 2491 Consu·

1432 2504 1663 2580 latum
1721 2529 1865 2580 non
1920 2503 2254 2603 gessissent
2282 2561 2307 2600 ,
2361 2526 2786 2581 ornamenta
2851 2502 3272 2599 Consularia
3335 2502 3709 2597 haberent,
3771 2526 3814 2577 a
3891 2495 4200 2576 Caesare
4253 2498 4396 2594 jam

1392 2633 1397 2636 ·
1434 2606 1847 2702 inventum,
1892 2606 1982 2682 ab
2020 2605 2345 2706 Augusto
2386 2601 2960 2717 sequentibusque
3009 2603 3418 2682 Caesaribus
3477 2623 3787 2680 creatum
3839 2599 3938 2678 est
3990 2600 4083 2698 [y
4103 2597 4134 2696 ]
4158 2654 4178 2674 .
4238 2598 4391 2674 Ne·

1435 2732 1577 2808 que
1618 2705 1845 2783 solum
1891 2706 2020 2783 hac
2076 2733 2148 2785 re
2200 2706 2616 2808 potestatem
2662 2707 3126 2785 Consularem
3165 2706 3564 2800 imminuit,
3611 2702 3723 2781 fed
3772 2702 3989 2779 etiam
4030 2726 4163 2796 eo,
4206 2696 4396 2810 quod

1435 2807 1823 2885 maximam
1898 2808 2311 2911 potestatem
2377 2809 2451 2885 in
2504 2806 2569 2885 se
2623 2806 3099 2886 transtulisset.
3158 2809 3402 2908 Quare
3449 2804 3573 2883 sub
3632 2802 4048 2882 Caesaribus
4095 2798 4392 2895 iurisdi-

1437 2908 1749 2987 &ionem
1798 2910 2151 3011 aliquam,
2205 2911 2429 2989 veluti
2477 2911 2567 2989 de
2620 2907 3157 2991 fideicommissis
3203 2928 3699 3006 exercuerunt,
3739 2931 3823 2985 ac
3876 2901 4400 3000 voluntariam,

1435 3037 1649 3115 quam
1701 3033 2006 3090 vocant.
2756 3111 2800 3214 ᾧ
2852 3051 2856 3056 «
2927 3113 3079 3193 XV

1449 3382 1455 3389 ,
1539 3305 1961 3373 Prae-torum
2017 3320 2386 3373 numerum
2446 3296 2643 3374 auxit
2700 3294 2841 3373 fere
2906 3294 3122 3398 usque
3163 3294 3252 3374 ad
3317 3294 3489 3373 XII.
3533 3291 3729 3396 [z],
3774 3314 4207 3408 quamquam
4274 3291 4399 3392 pri-

1380 3429 1384 3433 ·
1444 3423 1566 3475 mo
1642 3397 1733 3474 X.
1792 3396 1863 3473 8<
1925 3398 2300 3498 aliquando
2379 3398 2591 3474 XVI.
2655 3399 2919 3475 creavit
2976 3396 3191 3496 [a],
3261 3401 3524 3497 maj0re
3579 3393 4061 3496 jurisdic’tioms
4109 3392 4183 3469 8<
4234 3391 4401 3491 judi-

1444 3501 1715 3576 ciorum
1768 3518 1962 3600 parte
2029 3499 2117 3575 ad
2169 3495 2608 3576 Praefefilum
2644 3495 2826 3576 Urbi
2890 3499 3160 3575 delata.
3205 3497 3543 3593 Censores
3607 3498 3910 3593 creavit,
4008 3495 4082 3572 ui
4125 3492 4402 3571 censum

1441 3619 1752 3700 agerent,
1779 3596 2241 3699 Praefeflura
2277 3599 2683 3702 rectumque
2727 3627 3003 3676 morum
3050 3600 3123 3676 in
3172 3597 3238 3677 se
3291 3600 3656 3677 translata.
3728 3522 4232 3700 ,quaestoribus
4273 3597 4404 3673 Ur·

1445 3702 1641 3777 banis
1689 3725 1925 3778 curam
1985 3702 2224 3778 aerarii
2284 3701 2588 3798 ademit,
2633 3700 2706 3777 8<
2776 3700 2952 3779 binis
3004 3701 3372 3779 Praetoriis
3419 3699 3565 3801 [b]
3618 3700 3733 3778 vel
3796 3696 4250 3776 Praetoribus
4302 3696 4405 3773 de-

1446 3802 1594 3898 dit,
1654 3801 1833 3878 unde
1870 3811 2236 3880 Praetores
2266 3802 2534 3880 aerarii
2585 3802 2795 3904 usque
2851 3802 2939 3880 ad
2984 3802 3372 3880 Claudium
3401 3860 3420 3879 .
3468 3799 3826 3880 Tribunos
3866 3797 4100 3900 plebis
4146 3798 4402 3875 creavit

1398 3909 1405 3917 ’
1445 3902 1590 3980 fine
1649 3903 1760 3980 vi.
1809 3905 1891 3980 In
1951 3902 2333 3983 Aedilibus
2384 3903 2555 4006 quid
2612 3904 3039 4001 mutaverit,
3084 3930 3229 3981 non
3285 3904 3613 3981 invenio.
3666 3901 3987 3980 Minores
4039 3896 4404 3997 magistra-

1394 4012 1399 4017 '
1443 4026 1564 4081 tus
1628 4024 1891 4081 veteres
1989 4002 2221 4106 pleros
2259 4031 2344 4083 ue
2387 4006 2666 4106 reliquit
2722 4005 2841 4083 ille
2886 4005 3217 4107 quidem,
3269 4002 3380 4083 sed
3427 4006 3567 4101 ita,
3617 4025 3743 4100 ut,
3788 3999 4257 4083 Decemviris
4320 3998 4401 4076 li-

1448 4103 1639 4182 tibus
1683 4104 2197 4196 iudicandisad
2273 4108 2406 4205 tis,
2442 4104 3065 4209 Vigintiviratum
3086 4165 3111 4203 ,
3160 4106 3383 4183 veluti
3434 4107 3736 4206 primum
3780 4104 3867 4182 ad
3919 4103 4214 4181 honores
4270 4126 4407 4202 gra-

1448 4206 1619 4284 dum
1639 4264 1667 4305 ,
1720 4208 2167 4287 constitueret
2227 4205 2423 4309 [c],
2464 4206 2718 4310 eosque
2778 4234 2865 4287 ex
2929 4207 3220 4310 equestri
3267 4206 3506 4286 ordine
3550 4208 3806 4307 legeret
3841 4263 3861 4283 .

3845 4351 3848 4354 ν
3914 4304 3981 4407 §.
4086 4305 4301 4383 xvr.

1493 4509 1530 4551 u
1602 4492 1725 4552 Dio
1754 4489 1904 4570 Caffi
1955 4489 2085 4553 Lib.
2126 4490 2272 4553 LII.
2298 4508 2360 4573 p.
2399 4492 2544 4570 482.
2924 4510 2939 4570 ι
3038 4491 3118 4551 ad
3145 4494 3405 4573 Pompon.
3447 4494 3518 4573 p.'
3559 4514 3637 4553 m.
3670 4490 3808 4552 288.

1449 4487 1573 4656 {x}
1614 4594 1675 4634 v.
1730 4574 1876 4654 Pagi
1911 4570 2056 4650 Dtff.
2093 4575 2301 4652 Hypat.
2342 4573 2416 4633 Ρ.
2468 4573 2522 4634 Ι.
2558 4592 2607 4633 c.
2658 4592 2710 4633 1.
2754 4570 2817 4634 &
2849 4571 2934 4634 in'
2962 4567 3089 4654 [b]
3131 4574 3245 4635 Dio
3284 4569 3435 4651 Caffi
3476 4570 3603 4634 Lib.
3665 4571 3847 4634 LIII.
3902 4587 3963 4652 p.
4012 4589 4157 4648 497.
4203 4571 4414 4630 Sueten.

1533 4656 1681 4715 Crit.
1720 4659 1919 4715 Baton.
1949 4654 2023 4713 ad
2066 4677 2122 4715 a.
2153 4652 2295 4715 Chr.
2344 4672 2482 4730 311.
2521 4675 2579 4715 n.
2610 4672 2670 4732 7.
2791 4660 2799 4665 “
2929 4658 2942 4767 ⁸
3041 4658 3190 4735 Aug.
3230 4676 3280 4716 c.
3314 4674 3410 4732 24.
3448 4674 3508 4717 v.
3552 4652 3705 4735 Lipfi
3748 4652 3825 4712 ad
3866 4655 4004 4712 Tac.
4071 4655 4188 4711 An.
4237 4648 4413 4711 xm.

1455 4729 1575 4873 [jc]
1617 4735 1690 4875 dge
1730 4733 1824 4797 his
1874 4757 1936 4799 v.
1992 4736 2204 4818 Pagius
2241 4732 2388 4813 Diffi
2444 4735 2655 4816 Hypat.
2727 4733 2801 4795 P.
2856 4733 2911 4796 1.

1456 4856 1590 5055 {z}
1633 4857 1743 4956 1510
1772 4896 1921 4973 caff.
1955 4895 2085 4958 Lib.
2118 4895 2291 4959 LVI.
2342 4895 2482 4974 386.

1504 4995 1541 5031 a
1632 4976 1876 5058 chipfi
1917 4977 1992 5041 ad
2022 4981 2161 5041 Tac.
2199 4981 2316 5040 An.
2347 4975 2402 5038 1.
2435 4996 2530 5054 14.
2582 4975 2645 5039 &
2685 4978 2913 5058 Rupert.

3051 4736 3144 4796 18.
3186 4739 3411 4816 Rupert.
3442 4735 3520 4795 ad
3559 4738 3695 4794 Pom
3732 4755 3816 4794 on.
3849 4752 3912 4816 p.
3958 4754 4037 4793 m.
4082 4749 4218 4810 217.

2963 4810 3079 4899 [c]
3118 4816 3230 4876 Dio
3267 4815 3418 4958 Cap.
3438 4814 3566 4877 Lib.
3604 4816 3657 4877 L
3725 4815 3777 4876 Ι.
3802 4831 3863 4896 p.
3919 4833 4054 4892 540.
4088 4834 4150 4875 v.
4185 4808 4419 4891 Lipfiad

3029 4900 3334 5060 flalpmAc·
3379 4898 3471 5040 II.
3510 4916 3606 4975 29.
3639 4896 3701 4959 δι
3747 4892 3988 4975 Casaub.
4025 4893 4104 4954 ad
4151 4897 4414 4975 spartian.
