4702 6338
1482 464 1641 538 274
1778 463 1869 535 ſs...
2015 432 2172 514 Lib.
2215 439 2334 510 [Π.
2368 438 2539 531 Cap.
2572 434 2694 508 ΠΙ.
2728 435 2846 507 De
2864 436 2937 530 J
2936 425 3476 529 umsprudentia
3509 453 3709 510 nova

1373 579 1565 672 fimo
1602 590 1865 666 mortis
1907 612 2153 687 genere
2305 573 2547 668 remit.
2598 592 2942 671 Mortuus
3011 593 3112 671 est
3166 619 3231 670 a.
3284 592 3466 672 Chr.
3508 588 4147 670 CCCXXXVII.
4207 615 4332 694 po·

1376 692 1439 771 st
1492 716 1650 769 uam
1706 687 1885 767 solus
1939 691 2160 789 imper
2236 712 2324 788 ¹et
2368 718 2588 794 annos
2657 694 2821 770 XV.
2879 696 2950 771 in
3017 693 3412 772 universum
3480 715 3718 770 autem
3786 693 4027 771 XXX.
4065 694 4338 774 menses

1374 720 1511 871 122.
1564 790 1983 886 Success'ores
2020 791 2300 891 reliquit
2351 794 2573 879 Eilios
2617 792 2772 871 suos
2816 796 3409 890 Constantinum,
3461 793 3973 890 Constantem,
4024 795 4099 873 8<
4133 796 4333 874 Con-

1376 893 1711 972 stantium
1730 950 1754 986 ,
1818 917 1994 992 quos
2036 893 2179 989 jam
2256 914 2464 974 antea
2526 894 2857 978 Caesares
2915 919 3310 997 creaverat,
3359 895 3596 976 divisis
3641 896 3822 980 inter
3870 920 3992 975 eos
4040 920 4170 1000 pro
4181 899 4338 983 vin-

1378 994 1501 1073 ciis
1535 993 1809 1097 imperii
1862 992 2175 1076 Romani
2197 1051 2219 1074 .

2673 1183 2744 1287 ς.
2841 1186 3064 1264 vm.

1486 1390 2170 1463 consa-Anninus,
2221 1395 2688 1464 CONSTANS,
2737 1366 2811 1445 8(
2866 1393 3472 1463 εοκςτΑΝτῐυε,
3516 1390 3682 1444 cum
3733 1390 3794 1442 a.
3842 1365 4024 1446 Chr.
4083 1367 4340 1448 CCC-

1381 1467 1787 1546 XXXVII.
1850 1467 2150 1564 Augusti
2195 1467 2362 1573 faciti
2426 1467 2636 1545 essent
2670 1527 2695 1565 ,
2765 1493 2854 1544 ex
2899 1473 3269 1550 voluntate
3330 1468 3537 1571 patris
3589 1469 3957 1567 imperium
4011 1470 4116 1558 ita
4162 1470 4342 1547 divi·

1383 1570 1535 1647 sum
1590 1590 1959 1646 tenuerunt
2015 1571 2041 1665 [
2068 1569 2200 1665 aJ,
2277 1592 2355 1648 ut
2404 1572 2663 1670 primus
2731 1570 3095 1670 Galliam,
3164 1569 3626 1672 Hispaniam,
3705 1568 4190 1665 Britanniam,
4267 1570 4342 1647 δε

1383 1671 1845 1748 Germaniam
1908 1669 2297 1749 obtineret:
2344 1672 2521 1748 alter
2569 1667 2936 1767 Africam,
2983 1674 3305 1768 Italiam,
3342 1671 3740 1769 Illyricum,
3794 1670 3866 1749 8(
3913 1672 4336 1748 Graeciam:

1383 1773 1631 1847 tertius
1684 1772 1983 1871 denique
2047 1772 2417 1850 Orientem
2477 1793 2713 1849 totum
2791 1770 2903 1849 sed
2960 1772 3086 1851 hac
3143 1776 3340 1872 lege,
3403 1792 3481 1847 ut
3556 1770 4024 1848 Dalmatiam
4084 1768 4348 1849 Caesa-

1382 1897 1558 1968 rem,
1591 1872 1999 1971 patruelem,
2048 1870 2579 1970 Constantium,
2635 1895 3002 1974 patruum,
3060 1875 3132 1952 8<
3170 1870 3833 1968 Hannibalianum,
3869 1871 4338 1966 Nobiliffima-

1382 1993 1503 2052 tus
1556 1973 1898 2071 dignitate
1947 1972 2366 2071 decoratos,
2417 1973 2941 2076 quodammodo
2994 1975 3340 2056 consortes
3389 1973 3710 2068 haberet,
3758 1999 3933 2074 quos
3985 1972 4332 2051 Constan-

1385 2074 1527 2154 tius
1576 2072 1816 2175 paullo
1862 2072 2010 2177 post
2062 2099 2102 2150 e
2169 2076 2407 2153 medio
2457 2074 2761 2155 sustulit.
2837 2076 3116 2153 Divisio
3168 2098 3406 2154 autem
3459 2071 3601 2175 ipsa
3637 2100 3780 2151 non
3812 2071 4331 2152 diuturnasuit.

1388 2175 1592 2254 Nam
1646 2174 2155 2253 Constantinus
2265 2176 2496 2255 uidem
2528 2236 2556 2273 ,
2584 2176 2707 2254 sua
2759 2175 2938 2254 sorte
3000 2203 3144 2256 non
3200 2197 3574 2256 contentus
3626 2176 3935 2256 exercitu
3986 2200 4338 2275 compara-

1386 2296 1509 2369 to,
1560 2276 1841 2352 Italiam
1889 2275 2180 2372 invasit,
2212 2203 2550 2379 t}ususque
2612 2278 2704 2355 ab
2750 2279 3058 2357 exercitu
3146 2277 3599 2370 ConstantiS,
3667 2274 4025 2378 caesusque
4089 2277 4337 2378 periit;

1386 2376 1701 2456 nondum
1748 2376 2000 2452 exafflo
2055 2403 2278 2454 anno·
2324 2380 2593 2479 imperii
2628 2380 2878 2455 tertio.
2926 2378 3466 2461 Constansinde
3525 2378 3858 2480 Galliam
3923 2378 4343 2479 occupavit;

1384 2502 1602 2579 quam
1653 2501 1819 2553 cum
1874 2477 2231 2555 biennium
2278 2480 2638 2575 tenuisset,
2708 2481 3153 2578 Magnentii‚
3227 2481 3348 2581 qui
3404 2501 3562 2556 tum
3632 2479 3704 2556 in
3789 2479 4098 2557 Rhaetia
4148 2504 4343 2556 exer-

1390 2579 1564 2656 citui
1629 2597 1975 2677 praeerat,
2021 2577 2275 2657 insidiis
2334 2582 2739 2659 interemtus
2814 2581 2913 2658 est
2943 2638 2966 2658 .
3039 2581 3497 2681 Magnentius
3568 2602 3807 2658 autem
3861 2581 3951 2656 ab
4013 2581 4339 2656 exercitu

1388 2676 1491 2756 im
1543 2699 1772 2755 erator
1823 2676 2193 2775 salutatus,
2246 2682 2483 2781 paullo
2538 2681 2691 2783 post
2735 2706 2779 2757 a
2825 2682 3258 2760 Constantio
3302 2682 3568 2782 proelio
3623 2681 3805 2777 justo
3847 2681 4074 2759 vifflus
4119 2705 4201 2757 ac
4229 2680 4346 2757 de·

1391 2778 1500 2857 bel
1532 2804 1727 2875 atuS,
1779 2781 2181 2858 manusfibi
2217 2781 2496 2861 intulit.
2547 2784 2726 2882 Quo
2767 2780 2960 2859 facio
3000 2781 3180 2882 solus
3207 2807 3436 2862 rerum
3462 2783 3728 2883 potitus
3759 2782 3855 2868 est
3879 2781 4344 2860 Constantius

1388 2880 1570 2959 dixit
1622 2907 1712 2958 ue
1762 2879 2139 2959 Caesarem
2177 2892 2250 2983 J
2253 2881 2636 2960 ulianum-
2684 2882 3023 2961 atruelem
3057 2941 3078 2959 .
3129 2882 3313 2961 <Hic
3364 2910 3527 2960 cum
3579 2881 3692 2959 sex
3742 2908 3962 2959 annos
4018 2907 4162 2960 una
4217 2882 4346 2961 im·

1344 3039 1353 3052 -i
1390 3006 1481 3084 pe
1606 2983 1679 3059 et
1734 2982 2065 3060 Lutetiae
2124 2984 2580 3083 Parisiorum,
2653 3009 2868 3062 avore
2917 2985 3242 3080 militari,
3282 2985 3729 3085 Imperatoris
3772 2983 4183 3083 &Augusti
4221 3008 4342 3061 no-

1392 3108 1555 3179 men
1614 3081 1937 3160 adsumsit
1986 3081 2166 3183 [bJ.
2215 3086 2392 3185 Qua
2438 3086 2525 3163 de
2572 3112 2644 3162 re
2690 3111 2855 3168 cum
2901 3087 3214 3164 exercitu
3267 3083 3584 3163 adversus
3634 3111 3800 3163 eum
3862 3084 4209 3189 profetius
4255 3082 4347 3161 es·

1394 3183 1492 3261 set
1542 3185 2016 3262 Constantius·
2051 3184 2123 3261 in
2224 3186 2473 3264 itinere
2510 3184 2759 3264 febrim
2833 3187 3185 3286 ardentem
3246 3186 3526 3284 ῃαᾶυε,
3571 3187 3813 3289 periit,
3855 3213 4042 3266 anno
4071 3187 4340 3287 imperii

1392 3285 1639 3361 XXV.
1680 3286 1930 3361 Homo
1965 3281 2549 3384 flagitiofiffimus,
2581 3285 2718 3366 fuit
2771 3288 3096 3383 crudeliS,
3141 3288 3572 3390 acperfidus;
3624 3289 3930 3366 maxime
3979 3311 4219 3366 autem
4271 3288 4344 3364 in

1397 3405 1734 3484 cognatos
1775 3383 1929 3462 suos
1974 3382 2249 3482 saevus,
2293 3413 2470 3487 quos
2503 3414 2744 3474 omnes
2777 3410 3042 3490 praeter
3053 3390 3416 3490 Julianum
3465 3390 3870 3487 interemitg
3917 3391 4347 3473 Arianorum

1401 3482 1676 3572 fautor:
1730 3484 1917 3565 redte
1975 3482 2424 3599 sentientibus
2468 3486 2826 3591 ,infensum
2857 3544 2872 3550 „
2909 3528 2932 3553 ι

2720 3669 2792 3773 §·
2894 3671 3029 3751 1x.

1494 3877 1922 3950 ronanus,
1968 3851 2093 3954 qui
2141 3872 2424 3955 propter
2457 3851 2790 3931 desertam
2845 3852 2981 3953 [c]
3047 3854 3452 3956 religionem
3505 3854 3988 3935 Christianam
4019 3850 4339 3956 *Apolla-

1397 3971 1484 4029 ta
1543 3974 1877 4049 vocatur,
1944 3977 2227 4049 mortuo
2270 3955 2699 4033 Constantio
2745 3981 2932 4033 anno
2977 3955 3156 4034 Chr.
3229 3957 3656 4036 CCCLXI.
3727 3957 3907 4053 solus
3968 3957 4349 4058 imperium

1398 4052 1681 4150 nanus,
1742 4055 1939 4132 omni
2012 4055 2238 4133 studio
2330 4082 2379 4134 o
2465 4082 2678 4156 taque
2741 4054 3126 4135 elaboravit
3151 4110 3177 4153 ,
3239 4081 3318 4135 ut
3384 4058 3857 4135 Christianam
3937 4058 4059 4135 reli
4111 4060 4342 4135 ionem

1406 4151 1761 4254 adfligeret
1798 4214 1823 4252 ,
1877 4177 2322 4257 veteremque
2414 4183 2656 4236 eorum
2725 4158 3037 4254 cultum,
3092 4159 3632 4236 intermortuum
3680 4185 3897 4259 paene
3925 4216 3949 4255 ,
4001 4184 4074 4236 re
4104 4156 4346 4235 uscita-

1393 4275 1548 4337 tet.
1603 4255 1687 4333 Id
1766 4278 2005 4336 autem
2074 4254 2312 4337 fraude
2399 4258 2473 4337 8<
2535 4258 2913 4338 calliditate
2977 4260 3283 4339 maxime
3347 4258 3682 4362 adgreisus
3735 4259 3832 4339 est
3880 4258 3989 4361 [d
4007 4258 4074 4356 ].
4149 4261 4346 4338 Nam

2581 4420 2610 4457 x
2875 4412 2878 4445 2
4030 4360 4246 4440 Chri·

1386 4504 1528 4590 [a]
1575 4507 1780 4584 Zosim.
1839 4508 1932 4572 11.
1977 4531 2074 4592 39.
2118 4513 2286 4575 Haec
2326 4512 2550 4576 divifio
2603 4504 2854 4601 tenenda
2980 4511 3451 4596 Neoplatonicus
3477 4560 3498 4591 ‚
3545 4513 3741 4576 Liban.
3782 4516 3886 4575 Or.
3919 4510 4129 4587 sune-br.
4160 4513 4220 4571 in
4241 4515 4346 4588 Ju-

1403 4626 1409 4632 ·
1480 4588 1594 4666 est,
1641 4605 1706 4651 ut
1746 4590 1985 4654 Codicis
2027 4595 2331 4676 utriusque
2373 4594 2530 4672 leges
2573 4594 2727 4655 reste
2767 4595 2854 4653 in·
2980 4594 3115 4656 lian.
3145 4594 3423 4664 Ejuravit
3463 4612 3661 4657 autern
3698 4594 4044 4672 religionem
4078 4613 4180 4672 pet
4204 4596 4345 4651 Tau·

1482 4670 1678 4748 telligi
1738 4669 1908 4753 poffit
1936 4717 1955 4748 ‚
2000 4674 2389 4756 cognoscique
2418 4719 2438 4751 ,
2482 4674 2614 4756 quis
2656 4673 2858 4736 aufiior
2982 4671 3237 4735 tobaliam
3273 4722 3292 4752 ‚
3362 4677 3435 4738 de
3491 4697 3612 4757 quo
3655 4676 3772 4737 ritu
3815 4675 4046 4735 erudita
4087 4672 4165 4734 est
4210 4670 4345 4733 Diff.

1404 4784 1409 4789 -
1480 4750 1730 4818 alicujus
1773 4752 1918 4831 legis
1963 4754 2069 4833 fir,
2113 4754 2170 4817 id
2214 4755 2371 4836 quod
2417 4756 2856 4836 interpretatio-
2981 4777 3098 4815 van
3132 4755 3312 4816 Dalm
3354 4754 3616 4829 inDiffi'
3646 4757 3709 4817 in
3732 4756 3875 4813 Ant'
3908 4777 3964 4813 u.
3996 4754 4058 4816 δι
4088 4756 4345 4813 Marmor.

1483 4830 1544 4888 ni
1592 4832 1913 4894 maximam
1959 4835 2150 4898 lucem
2192 4833 2506 4897 adfundit.
2905 4832 3025 4918 [d]
3069 4857 3127 4897 v.
3158 4838 3380 4915 Julian.
3412 4837 3527 4918 Ep.
3560 4835 3677 4896 vl.
3704 4834 3861 4897 VII.
3991 4833 4344 4898 VLXXXI.

1399 4899 1525 5069 [b]
1571 4907 1773 4981 zvstm.
1821 4914 1947 5004 ιη.
2000 4937 2091 5007 ,¹¹-
2243 4996 2257 5009 .
2399 4914 2408 4923 ·
2563 4995 2576 5006 ⁸
2979 4916 3182 4980 xm.
3223 4915 3462 4982 xmu.
3504 4917 3613 4982 LI.
3655 4915 3799 4980 ω.

1401 4988 1481 5064 [c
1565 4989 1794 5055 Auster
1832 5013 1890 5059 ei
1930 4993 2047 5066 furt
2085 5000 2373 5063 Mammas
2409 5039 2432 5077 ‚
2470 4991 2858 5087 philosophus
