4702 6338
1516 363 1658 525 342
1923 415 2077 500 Lib.
2114 425 2233 498 IV.
2269 423 2444 520 Cap.
2487 423 2577 492 II.
2632 418 2750 494 De
2772 407 3387 518 jurisprudentia
3434 406 3817 507 novt'fflmae

1401 594 1506 672 ria
1561 587 2081 669 dominantibus
2122 645 2148 686 ‚
2203 588 2467 670 invidia
2512 585 2815 686 quadam
2849 642 2876 683 ,
2931 582 3189 698 eripere
3241 581 3626 695 provincias
3672 598 3966 695 conat-us
4008 633 4036 677 ,
4087 574 4160 696 in
4197 577 4382 661 Cilia

1402 696 1513 771 cia
1552 713 1875 769 mortuus
1931 691 2025 769 est
2078 713 2139 766 a.
2191 690 2370 767 Chr.
2422 687 2882 769 MCXLHI.
2934 683 3180 769 teneto
3229 681 3902 786 impertoManuelt
3960 737 3999 786 ‚·
4063 679 4216 760 6110
4267 707 4398 760 nar

1407 815 1490 873 tu
1543 793 1796 873 minori
1823 850 1844 868 .

1392 941 1401 950 ·
2685 890 2755 991 ᾧ.
2857 889 3107 976 XVII.

1512 1101 1855 1156 MANUEL
1881 1082 2282 1154 Comnenus
2314 1075 2597 1178 perfidia
2647 1072 2720 1151 8(
2771 1072 3023 1152 astutia
3059 1130 3086 1170 ,
3134 1097 3347 1174 quam
3400 1067 3712 1165 virtute,
3764 1065 4061 1166 melior,
4113 1085 4192 1145 ut
4243 1069 4381 1146 La-

1409 1180 1723 1258 tinorum
1794 1176 1935 1256 five
1993 1178 2424 1266 Francorum
2489 1174 3008 1278 expeditionem
3081 1181 3340 1264 novam
3364 1230 3390 1269 ,
3461 1173 3575 1249 cui
3628 1169 3964 1258 invideret
4015 1227 4042 1267 ,
4112 1169 4377 1247 irritam

1409 1279 1664 1358 faceret
1693 1337 1720 1376 ,
1767 1277 2114 1356 summam
2176 1280 2270 1356 rei
2343 1278 2790 1372 Christianae
2853 1274 3139 1353 securim
3213 1274 3449 1374 injecit
3501 1300 3521 1352 :
3595 1272 4041 1372 multumque
4092 1296 4135 1350 a
4187 1271 4379 1347 Lati-

1405 1382 1516 1459 nis
1565 1402 1932 1482 acceptum
1989 1380 2224 1470 damni
2275 1379 2373 1469 est
2420 1439 2445 1474 J.
2516 1381 2775 1481 Neque
2837 1376 3015 1471 haec
3066 1374 3189 1479 ipfi
3240 1373 3571 1470 Manueli
3624 1370 3805 1454 fraus
3859 1397 4078 1488 parvo
4130 1370 4374 1487 stetit..

1412 1482 1584 1559 Inde
1609 1540 1636 1581 ‚
1692 1481 1934 1583 junffla
1985 1507 2149 1559 cum
2208 1482 2627 1575 Latinorum
2687 1478 3105 1582 principibus
3158 1476 3608 1570 orientalibus
3659 1474 3971 1567 amicitia
4002 1531 4031 1569 ,,
4098 1472 4376 1570 expedi-

1407 1583 1679 1665 tionem
1721 1584 1797 1664 in
1818 1586 2236 1686 Aegyptum
2271 1582 2610 1689 suscepit,
2644 1582 2781 1678 Sed
2820 1578 3073 1677 ‘frustra
3116 1576 3294 1674 fuit.
3333 1577 3543 1668 Obiit
3576 1601 3637 1655 a.
3680 1575 3857 1654 Chr.
3891 1572 4369 1668 MCLXXX.

2665 1802 2733 1919 ς.
2836 1783 3131 1896 xvmss

1510 1985 1842 2069 Successit
1896 2012 2220 2072 Atzxtus
2279 1986 2417 2076 111.
2470 1992 2921 2088 Comnenus,
2973 1986 3103 2089 xqui
3141 2044 3168 2083 ‚
3219 2009 3383 2064 cum
3430 1983 3751 2076 ‚nondum
3800 1984 3874 2062 in
3938 1981 4144 2076 ,suam
4194 2000 4373 2064 tute-

1410 2090 1557 2170 lam
1608 2087 1892 2174 veniffet
1921 2146 1950 2191 2
1990 2088 2086 2172 ‚ab
2130 2089 2213 2177 iis
2243 2146 2270 2185 ‚
2321 2088 2451 2192 ³qui
2518 2088 2816 2180 tutelam
2874 2088 2987 2182 yel
3041 2090 3368 2188 gere-bant
3414 2145 3440 2184 ,
3509 2087 3620 2165 vel
3682 2085 4098 2180 simulabant
4135 2144 4161 2182 ,
4230 2112 4369 2164 ma-

1405 2192 1476 2270 le
1553 2191 1848 2269 traeiata
1920 2189 2271 2291 republica
2310 2195 2361 2287 ‚⁴
2431 2189 2454 2266 i
2505 2186 2569 2267 se
2639 2215 2808 2280 vero
2856 2190 3143 2282 tandem
3194 2213 3382 2267 anno
3431 2187 3698 2273 Christi
3771 2187 4373 2266 MCLXXXIII.

1407 2290 1807 2370 interfe&us
1871 2289 1971 2376 est
2036 2315 2081 2379 a
2148 2310 2384 2368 tutore
2481 2314 2575 2367 uo
2649 2318 3181 2388 Ammontem,
3243 2290 3365 2390 qui
3438 2289 3598 2384 inde
3646 2289 4020 2390 imperium
4086 2289 4315 2389 rapuit
4347 2345 4368 2366 .

1406 2393 1543 2471 Sed
1597 2417 1763 2469 cum
1831 2392 2073 2493 omnia
2122 2389 2369 2469 scelere
2419 2391 2491 2469 8<
2542 2392 2951 2486 crudelitate
3001 2389 3541 2494 improbissimus
3613 2411 3947 2497 >tyrannus
3992 2390 4371 2492 impleret,

1406 2493 1560 2596 post
1614 2495 1816 2572 unius
1871 2492 2033 2571 anni
2089 2492 2462 2595 imperium
2515 2493 2773 2586 occisus
2827 2493 2923 2586 est
2964 2552 2992 2586 ,
3650 2501 3657 2508 ’

2686 2674 2751 2790 ς.
2850 2675 3062 2767 xix,

1510 2858 1844 2963 Sequitur
1897 2881 2257 2937 rsaacms
2309 2859 2661 2957 Angelus,
2722 2883 2917 2945 *anno
2985 2857 3164 2936 Chr.
3215 2858 3776 2950 MCLXXXV.
3844 2876 4082 2959 regnat
4154 2883 4370 2937 annos

1406 2987 1696 3040 novem.
1736 2963 1866 3059 ‘Eo
1917 2960 2301 3063 imperante
2354 2987 2543 3049 anno
2594 2960 3129 3051 MCLXXXV
3136 2962 3234 3038 11.
3292 2959 3823 3061 Hierosolymae
3885 2984 3928 3037 a
3980 2960 4369 3057 Saladino‚

1403 3064 1582 3143 duce
1634 3064 2031 3140 Turcarum
2069 3120 2095 3159 ,
2143 3062 2560 3152 Christianis
2605 3082 2882 3164 ,ereptae
2914 3119 2941 3159 ,
2992 3087 3154 3139 cum
3210 3063 3520 3139 maxima
3583 3061 4096 3163 provinciarum
4146 3085 4191 3139 a
4243 3062 4371 3138 La·

1407 3167 1570 3245 tinis
1620 3187 2119 3270 occupatarum
2170 3186 2365 3266 parte
2395 3224 2421 3262 ,
2471 3165 2544 3243 in
2595 3164 2938 3253 ditionem
2989 3167 3386 3250 Turcarum
3439 3185 3777 3242 venerunt
3809 3222 3830 3240 .
3902 3164 4161 3265 Neque
4227 3163 4369 3240 Fri-

1404 3268 1617 3345 derici
1675 3267 2118 3366 Imperatoris
2169 3266 2523 3368 expeditio
2578 3292 2766 3345 nova
2830 3266 3326 3356 rem‘restituit
3373 3323 3394 3343 .
3465 3267 3806 3343 Mortuus
3868 3267 4057 3342 enim
4133 3265 4364 3343 Fride·

1406 3368 1584 3447 ricus
1630 3370 1705 3445 in
1751 3367 2048 3444 Oriente
2077 3423 2104 3462 ‚
2154 3392 2256 3446 res
2305 3392 2550 3454 omnes
2592 3425 2618 3467 ‚
2666 3370 2915 3456 ‚omnia
2967 3389 3264 3465 conata,
3325 3366 3636 3445 destituit
3667 3425 3686 3445 .
3770 3365 4062 3444 Isaacius
4125 3387 4363 3443 autem

1406 3494 1570 3546 curn
1636 3467 1726 3545 ab
1777 3467 2063 3546 internis
2114 3466 2419 3545 hostibus
2480 3487 2635 3553 tum
2708 3494 2751 3546 a
2805 3469 3100 3553 barbaris
3141 3526 3168 3566 ‚
3259 3469 3566 3546 multum
3656 3468 3893 3547 damni
3970 3465 4184 3569 paffus
4233 3526 4261 3566 ,
4324 3492 4367 3545 a

1406 3567 1620 3650 fratre
1669 3569 1935 3649 Alexio
2001 3568 2286 3647 tandem
2345 3569 2567 3648 oculis
2617 3594 2700 3647 ac
2751 3594 2966 3677 regno
3018 3570 3327 3676 privatus
3379 3569 3475 3648 est
3510 3627 3529 3647 .

2714 3749 2782 3854 ς.
2886 3751 3053 3836 xx,

1509 3934 1839 4015 'Atnxtus
1906 3937 2039 4021 IV.
2095 3934 2424 4036 Angelus
2477 3933 2716 4016 fraude
2778 3934 2853 4021 8<
2910 3933 3155 4016 scelere
3207 3957 3488 4046 partum
3556 3934 3927 4042 imperium
3998 3935 4131 4017 init
4178 3963 4363 4018 anno

1404 4034 1583 4115 Chr.
1634 4038 2057 4117 MCXCV.
2128 4040 2382 4117 Homo
2430 4038 2909 4141 voluptatibus
2967 4062 3180 4143 atque
3238 4040 3638 4125 libidinibus
3690 4039 4007 4137 deditus,
4047 4036 4360 4118 adversus

1407 4138 1726 4218 barbaros
1772 4165 1918 4217 rem
1972 4140 2153 4218 male
2199 4140 2435 4241 gestit:
2495 4166 2671 4243 quos
2744 4140 2865 4219 fibi
2915 4141 3450 4244 importunitate
3522 4163 3807 4220 naturae
3856 4163 4218 4243 paraverat
4264 4144 4361 4219 in-

1401 4241 1703 4342 testinos¹
1753 4240 1972 4319 hostes
2020 4300 2046 4339 ,
2090 4240 2327 4321 fraude
2402 4264 2615 4344 atque
2691 4242 2868 4321 dolis
2940 4242 3299 4346 plerosque
3363 4244 3758 4323 interemit:
3834 4244 4119 4322 tandem
4194 4269 4359 4323 vero

1402 4342 1751 4420 vinditiae
1808 4343 2084 4421 divinae
2137 4370 2389 4447 poenas
2451 4343 2695 4423 solvit.
2758 4346 2956 4424 Nam
3017 4343 3310 4425 Isaacius
3359 4347 3675 4447 Angelus
3709 4404 3735 4442 ,
3810 4345 4135 4448 quamvis
4199 4371 4360 4425 ocu·

1401 4437 1485 4521 lis
1553 4446 1862 4546 privatus
1917 4503 1944 4544 ‚
2042 4472 2206 4524 cum
2293 4447 2596 4525 liberiori
2705 4447 2920 4526 exilio
3025 4468 3333 4526 uteretur
3410 4507 3435 4547 ,
3532 4446 3885 4551 persuadet
3970 4445 4122 4525 filio
4196 4448 4358 4525 Ale-

1397 4546 1567 4642 xio,
1615 4565 1692 4623 ut
1754 4572 1796 4624 a
1850 4545 2120 4625 Latinis
2170 4566 2420 4649 opem,
2471 4569 2684 4650 atque
2728 4547 3203 4631 redufflonem
3280 4549 3355 4628 in
3419 4575 3756 4650 regnum,
3802 4568 4031 4652 petat.
4101 4550 4205 4627 Hi
4257 4551 4358 4627 in-

1391 4648 1589 4824 }enti
1643 4674 1804 4725 cum
1844 4649 2042 4726 classe
2115 4650 2428 4749 adveffl,
2502 4651 2928 4752 Byzantium
3006 4672 3352 4756 occupant
3377 4710 3403 4751 ,
3479 4652 3880 4754 Alexioque
3932 4671 4234 4753 tyranno
4278 4650 4355 4728 in

1425 4774 1633 4847 ugam
1707 4750 2067 4850 conje&o,
2123 4750 2458 4863 Isaacium
2532 4753 2888 4854 Angelum
2921 4811 2948 4850 ,
3015 4755 3335 4855 quamvis
3396 4774 3853 4834 excoecatum
3887 4802 3914 4852 5
3984 4776 4145 4831 cum
4197 4746 4357 4830 filio

1398 4874 1734 4947 amno,
1800 4853 2119 4951 Angelo,
2168 4876 2358 4935 anno
2408 4854 2587 4935 Chr.
2638 4856 3032 4935 MCCHI.
3089 4857 3177 4934 in.
3225 4854 3378 4941 sede
3430 4857 3621 4958 regia
3646 4874 3993 4960 reponunt
4021 4908 4041 4932 .
4090 4853 4356 4954 Neque

1487 5008 1490 5013 .
4150 4974 4259 5033 ta·
