4702 6338
698 449 783 525 ab
833 405 1203 525 Hadriano
1246 428 1471 547 usquo*⁴
1520 447 1619 525 ad
1648 445 2200 548 Constantinum
2248 454 2356 524 M.
3063 481 3206 554 231

1684 620 1751 729 §.
1858 630 1999 705 III.
3179 641 3248 673 ‘³-

364 897 369 901 ⁴
462 809 578 885 Eo
627 830 919 887 mortuo·
959 809 1329 910 imperium·
1384 812 1579 889 venit
1620 811 1707 888 ad
1767 840 1856 889 M.
1913 838 2335 889 nuni-:trum
2391 838 2953 910 iim-omnum,
2991 839 3178 892 anno
3221 817 3317 893 V.

359 907 972 988 DCCCCXIV.
1020 911 1200 991 Chr.
1246 913 1522 991 CLXI.
1618 915 1760 1010 jam
1814 914 1988 989 vivo
2053 912 2420 990 Hadriano·
2461 914 2555 989 ab
2600 916 2976 993 Antonino
3030 916 3322 1016 adopta·

357 1029 518 1088 tum
562 1010 1075 1115 Caesaremque
1121 1034 1430 1091 creatum
1477 1061 1497 1089 .
1552 1015 1617 1088 Is
1667 1013 2079 1114 simulatque
2127 1038 2170 1088 a
2215 1015 2479 1091 Senatu
2544 1014 2854 1092 delatum
2906 1015 3026 1093 sibi
3100 1017 3320 1116 impe·

351 1112 539 1191 rium
589 1113 935 1214 recepisset
964 1172 989 1210 ,
1039 1110 1321 1193 fratrem
1363 1115 1777 1214 adoptivum
1830 1141 1893 1191 1..
1941 1137 2224 1191 VERUM
2277 1114 2619 1213 collegam
2651 1116 2773 1193 sibi
2806 1115 3137 1213 adscivit,
3172 1119 3323 1193 Au-

353 1214 772 1313 gustumque
818 1215 995 1291 dixit
1032 1241 1055 1293 ε7
1107 1242 1327 1316 eoque
1379 1233 1697 1316 tempore·
1734 1216 2038 1316 primum
2081 1218 2493 1292 Romanum
2525 1218 2917 1317 ,imperium
2963 1244 3006 1294 a
3050 1218 3321 1295 duobus

359 1315 697 1413 Augustis
752 1317 893 1415 pari
956 1316 1292 1414 potestate
1321 1373 1346 1411 ,
1398 1337 1607 1417 atque
1658 1317 2074 1394 aucloritate
2105 1374 2130 1411 ,
2181 1315 2736 1395 administratum
2780 1319 2917 1395 est.
2963 1321 3212 1420 Atque
3246 1318 3318 1394 hi

357 1412 522 1492 sunt
558 1472 584 1510 ,
635 1416 756 1516 qui
817 1417 892 1492 in
948 1415 1051 1492 Di
1099 1417 1251 1493 estis
1314 1417 1550 1514 vocari
1620 1415 1842 1494 solent
1907 1416 2104 1496 Divi
2166 1423 2512 1512 Fratres,
2565 1419 2681 1494 vel
2741 1418 3159 1496 Antoninus
3216 1417 3322 1496 Θ·
3399 1481 3410 1492 .

347 1524 573 1591 Verus
626 1508 935 1611 Augurii
968 1544 999 1592 .·
1049 1443 1511 1594 dissimillimis
1564 1518 1852 1617 ingeniis
1882 1576 1908 1616 ,
1957 1545 2039 1595 ac
2094 1518 2401 1595 moribus
2431 1573 2451 1592 .
2507 1521 2709 1595 Nam
2757 1521 2875 1597 ille
2911 1520 3146 1598 studiis
3192 1518 3315 1595 do-

226 1649 233 1658 ’
348 1595 618 1693 &rinae
669 1615 939 1693 deditus
970 1674 996 1711 ,
1050 1617 1347 1719 indeque
1382 1617 2415 1719 Philosopbus‘cognominatus
2443 1618 3325 1719 summoujureffustitiam,

349 1716 891 1817 temperantiam
927 1773 953 1811 ,
1001 1714 1489 1796 fortitudinem
1524 1777 1550 1815 ,
1602 1743 1815 1821 atque
1849 1723 2297 1799 clemen-tiam
2363 1722 2688 1799 omnibus
2760 1724 3028 1800 civibus
3075 1721 3319 1824 proba-

355 1818 476 1894 bat
513 1843 532 1894 :
586 1819 786 1912 hujus
830 1836 1077 1896 contra
1118 1813 1478 1897 libidinem
1507 1880 1532 1917 ,
1583 1847 1665 1897 ac
1714 1821 1981 1920 flagitia
2010 1881 2035 1918 ,
2089 1849 2231 1902 non
2283 1822 2512 1899 multo
2567 1824 2718 1924 post
2759 1847 3124 1925 acceptum
3167 1824 3296 1898 im·

351 1918 623 2021 perium
676 1920 1115 2021 erumpentia
1143 1979 1168 2016 ,
1217 1947 1458 1999 omnes
1506 1924 2046 2000 execrabantur:
2080 1950 2224 2026 quo
2263 1943 2550 2000 mortuo
2585 1924 2868 2002 demum
2914 1922 3153 2000 Marci
3189 1924 3322 2000 vir-

352 2041 540 2106 tutes
593 2020 663 2096 in
707 2018 1077 2098 clariffimo
1122 2023 1389 2099 lumine
1433 2045 1899 2124 apparuerunt
1938 2082 1958 2101 .
2011 2021 2124 2101 Ac
2173 2024 2334 2101 huic
2384 2027 2794 2125 Imperatori
2845 2050 2927 2103 ea
2991 2024 3317 2126 reipubli-

355 2146 477 2198 cae
523 2142 838 2222 tempora
888 2123 1323 2223 contigerant
1357 2180 1384 2219 ,
1435 2125 1684 2225 quibus
1722 2126 2022 2225 egregia5
2072 2121 2364 2202 virtutes
2417 2125 2879 2203 demonstrare
2930 2125 3206 2227 posset,
3245 2125 3319 2201 8<

342 2233 669 2299 ‘exercere
704 2279 725 2298 .
783 2224 980 2299 Nam
1038 2251 1180 2300 non
1236 2223 1465 2301 solum.
1524 2226 1718 2302 bellis
1768 2225 2186 2324 *gravissimis
2257 2227 2646 2327 adpetituS,
2693 2226 3182 2305 fortitudinem
3250 2227 3325 2302 8<

357 2322 871 2424 constantiam
925 2325 997 2401 in
1046 2325 1370 2424 angustiis
1419 2328 1719 2421 aerarii,
1776 2327 2167 2403 bonitatem·
2203 2386 2227 2423 ,
2276 2350 2492 2428 atque
2541 2328 2987 2406 clementiam
3025 2357 3041 2406 :
3079 2326 3191 2404 sed
3224 2348 3324 2404 et-

356 2425 500 2502 iam
549 2425 621 2501 in
681 2423 1077 2502 adversariis·
1114 2424 1428 2502 adversus
1456 2451 1618 2503 eum
1640 2428 1898 2503 coortis
1925 2428 2289 2505 lenitatem
2313 2449 2525 2529 atque
2561 2429 3114 2508 moderationem
3147 2426 3329 2518 sum-

354 2550 548 2602 mam
585 2582 610 2621 ,
662 2526 886 2603 veluti
936 2528 1031 2604 in·
1060 2526 1331 2604 Avidio
1372 2526 1629 2605 Caffio
1658 2586 1680 2623 ,
1726 2530 1851 2629 qui
1912 2529 2431 2644 imperatoriam
2485 2528 2901 2627 dignitatem
2961 2527 3334 2627 invaserat,

357 2627 637 2728 ejusque
690 2627 920 2704 liberis
945 2653 969 2728 3
1023 2629 1095 2704 in
1141 2628 1625 2706 constituendo
1663 2628 1961 2729 denique
2007 2631 2348 2731 imperio,
2386 2630 2826 2730 prudentiam
2863 2632 3132 2730 egregie
3178 2655 3334 2747 pro-
3440 2632 3448 2639 ’

358 2727 555 2804 bavit
590 2785 610 2804 .
666 2727 748 2805 Id
792 2754 1013 2805 unum
1074 2731 1643 2830 reprehenditur,
1694 2731 1885 2831 quod
1936 2731 2011 2806 in
2062 2727 2356 2809 ferendis
2402 2730 2529 2807 filii
2586 2738 2966 2808 οοΜΜὸῡι
3018 2732 3330 2809 moribus

358 2828 990 2928 indulgentissimus
1057 2827 1250 2909 fuit:
1303 2856 1512 2932 quem
1565 2831 1776 2907 etiam
1826 2833 2031 2909 vivus
2074 2833 2418 2932 collegam
2462 2833 2731 2932 imperii
2781 2831 3105 2910 adsumsit
3154 2858 3333 2910 :un-

356 2929 443 3007 de
489 2931 563 3006 in
616 2930 920 3028 Digestis
973 2932 1500 3009 constitutiones
1553 2933 1984 3032 reperiuntur
2029 2933 2124 3009 ab
2153 2941 2251 3011 D.
2317 2941 2558 3009 Marco
2594 2959 2755 3008 cum
2801 2932 2973 3025 filio
3013 2941 3332 3010 Commo-

365 3030 454 3106 do
500 3028 781 3130 faEiae[
815 3031 956 3127 u].
984 3034 1328 3110 Ceterum
1373 3033 1572 3131 hujus
1616 3034 1850 3109 Marci
1901 3033 2344 3134 Imperatoris
2398 3034 2556 3111 libri
2603 3032 2761 3129 πρός
2803 3030 3083 3131 ἔαυτόν,
3118 3060 3202 3112 ex
3235 3036 3335 3110 in-

365 3130 611 3209 teriori
666 3156 943 3211 morum
988 3133 1060 3212 8<
1121 3133 1594 3237 philosophiae
1654 3133 2009 3236 disciplina
2059 3133 2346 3238 scripti,
2399 3131 2789 3213 etiamnum
2846 3133 3052 3213 hodie
3103 3134 3329 3238 super-

373 3232 578 3311 sunt.
629 3235 970 3313 Mortuus
1012 3235 1107 3313 est
1154 3237 1227 3312 in
1268 3234 1696 3347 Germania,
1748 3262 1911 3314 cum
1955 3263 2174 3314 annos
2230 3237 2439 3315 XIX.
2508 3238 2651 3315 dies
2699 3237 2832 3313 XI.
2897 3237 3330 3416 imgftasset',

3081 3364 3233 3417 ium

353 3532 483 3619 {u}
520 3538 711 3620 Saepe
784 3540 844 3600 in
918 3538 1168 3619 Digestis
1228 3539 1484 3603 occurrit
1540 3564 1562 3601 .·
1637 3536 1859 3606 Divusx
1955 3542 2241 3624 adpellari
2284 3541 2685 3603 Commodum.
2736 3541 2887 3616 Quis
2934 3562 3078 3605 vero
3129 3561 3338 3604 conco-

432 3618 659 3679 Marcus
718 3619 796 3682 (θ’
826 3620 1151 3680 Commodus
1180 3666 1197 3695 ,
1263 3622 1357 3684 vel
1404 3624 1705 3681 Antoninus
1750 3623 1856 3685 &l
1959 3643 2139 3705 quere
2185 3621 2390 3703 possit,
2451 3622 2756 3704 scriptores
2801 3642 2936 3684 eum
2993 3622 3341 3703 simpliciter

422 3700 761 3763 *Commodus
790 3698 981 3778 filius,
1023 3702 1386 3781 rescripserunt
1420 3744 1434 3763 .
1468 3703 1617 3763 Sunt
1642 3703 1822 3763 etiam
1955 3706 2309 3761 Commodum
2329 3704 2725 3783 adpellaruros
2754 3701 2915 3765 fuisse
2934 3748 2951 3775 ‚
2978 3723 3112 3764 cum
3140 3702 3343 3763 Marci

436 3780 566 3842 loca
588 3827 605 3859 ,
627 3781 727 3844 ubi
771 3786 1073 3844 Antoninus
1116 3783 1263 3845 sive·
1292 3787 1514 3845 Marcus
1558 3784 1620 3847 &
1662 3789 1825 3844 Com-a
1954 3780 2111 3843 filius
2177 3785 2234 3844 id
2292 3794 2508 3843 nomen
2615 3784 2884 3863 raecipue
2935 3782 3212 3859 haberet,
3259 3782 3343 3844 fa-

437 3861 622 3922 modus
662 3909 679 3938 ,
733 3861 1081 3945 simpliciter
1137 3885 1255 3926 non
1302 3864 1528 3926 adieflo
1570 3865 1813 3926 nomine
1954 3864 2189 3941 cileque
2242 3863 2379 3927 inde
2431 3880 2544 3923 con
2575 3864 2693 3924 usio
2733 3858 2881 3923 oriri
2938 3865 3158 3943 posset.
3225 3865 3341 3925 De-

421 3934 540 4018 filii
567 3987 587 4020 ‚
659 3942 993 4025 rescripsisse
1061 3945 1420 4017 traduntur:
1494 3945 1558 4005 in
1614 3944 1824 4026 quibus
1955 3944 2013 4005 ni
2067 3964 2136 4004 ue
2187 3960 2302 4006 non
2345 3943 2561 4005 necesse
2605 3943 2726 4018 est,
2768 3943 2826 4002 id
2877 3948 3160 4008 statuere:
3207 3964 3345 4004 cum

434 4021 621 4100 lociS,
678 4023 843 4099 sunt,
888 4025 990 4106 qui
1050 4042 1300 4101 putent,
1349 4025 1591 4086 nomine
1664 4020 1823 4083 Com·
1957 3961 2158 4086 eaiiem
2219 4040 2303 4085 res
2354 4023 2414 4085 ἃ
2462 4040 2638 4085 antea
2693 4044 2727 4083 a
2771 4021 2985 4087 Marco
3027 4025 3090 4084 &
3139 4025 3345 4100 Vero,

432 4102 607 4180 madi,
654 4105 724 4165 L.
751 4106 980 4167 Verum
1027 4104 1286 4183 intelligi
1306 4122 1626 4187 'oporteret
1667 4106 1826 4187 q'uod
1955 4104 2258 4184 &postea
2301 4102 2375 4165 ab
2414 4105 2617 4165 eodem
2667 4103 2883 4167 Marco
2930 4108 2991 4168 &
3047 4103 3343 4165 Commo-

434 4183 568 4244 aliis
614 4186 677 4246 in
727 4186 869 4246 locis
900 4187 1105 4248 eadem
1154 4187 1496 4253 constitutio
1534 4186 1829 4249 tribuatur
1955 4186 2032 4248 do
2083 4185 2252 4259 silio,
2311 4184 2585 4264 rescripta
2640 4185 2750 4246 esse
2809 4188 3072 4273 potuerit
3106 4228 3121 4245 .
3193 4184 3344 4256 Quis

434 4260 933 4343 Divissratribus,
986 4267 1044 4328 id
1086 4267 1439 4339 est‚Marco
1479 4266 1542 4327 &
1586 4267 1655 4327 L.
1700 4264 1825 4328 Ve-
1954 4266 2120 4327 enim
2177 4264 2394 4341 nescit,
2443 4287 2579 4326 cum
2629 4263 2936 4349 Rescripta
2986 4287 3101 4327 non
3144 4266 3216 4328 de
3257 4265 3346 4334 ju-

439 4365 505 4423 ro
539 4366 561 4404 .·
620 4347 772 4426 posse
825 4356 1025 4409 autem
1073 4347 1383 4422 intelligi,
1439 4348 1581 4428 quia
1618 4349 1824 4422 Verus,
1960 4367 2020 4408 re
2066 4345 2474 4407 constituendo
2518 4364 2620 4407 aut
2667 4367 2866 4422 nov0,
2933 4348 3026 4408 sed
3087 4348 3158 4407 de
3208 4365 3345 4405 con-

440 4425 624 4487 etiam
672 4446 888 4490 nomen
931 4428 1219 4488 Commodi
1259 4423 1517 4487 habuisse
1552 4427 1824 4504 legatur.
1958 4426 2197 4502 stirme,
2236 4424 2400 4489 edita
2448 4425 2665 4487 fuerint
2709 4429 2781 4489 ad
2825 4428 3100 4503 libellos,
3132 4425 3227 4487 vel
3259 4446 3346 4486 re-

437 4506 549 4566 Sed
591 4503 797 4568 salsum
848 4507 906 4568 id
947 4506 1060 4570 est.
1102 4507 1366 4569 Primum
1401 4507 1562 4567 enim
1601 4507 1669 4567 L.
1705 4508 1824 4569 Ve-
1958 4507 2207 4568 sationes
2249 4553 2266 4585 ,
2346 4505 2767 4587 saepenumero
2807 4508 3052 4569 eandem
3115 4505 3340 4568 Rescri-

441 4606 533 4646 rus
588 4587 691 4647 etsi
738 4605 914 4650 antea
945 4634 965 4663 ‚
1042 4608 1221 4671 quam
1269 4585 1565 4663 Augustus
1610 4585 1776 4648 fieret
1807 4633 1824 4666 ,
2001 4605 2194 4649 torum
2266 4587 2524 4669 plurium
2565 4633 2582 4660 ‚
2627 4589 2879 4665 'diversis
2943 4587 3342 4727 temporibu?

435 4667 671 4747 proprie
723 4666 1064 4743 Commodus,
1108 4668 1438 4741 adpellatus
1484 4664 1563 4729 est
1592 4712 1610 4742 ,
1652 4667 1857 4748 idque·
1927 4609 2309 4729 ‘sententiam
2357 4666 2465 4729 esse
2507 4664 2804 4729 debuisse?
2848 4666 3287 4730 Ceterum'con
3314 4704 3331 4730 .

368 4804 405 4818 ,Δ
437 4762 657 4811 nomen
674 4749 857 4811 etiarn
875 4746 1087 4824 habet,
1119 4748 1218 4809 ubi
1243 4748 1449 4808 omnia
1488 4747 1613 4817 ejus
1638 4717 1858 4871 nomi-¹
1956 4766 2111 4829 quae
2160 4750 2282 4809 dixi
2333 4749 2396 4809 in
2466 4746 2909 4823 Ephemeridibus
2961 4748 3130 4825 juv-id.
3187 4769 3339 4830 quae

436 4830 1039 4908 na,conjunguntur:
1073 4828 1451 4892 demonstrari
1481 4846 1682 4890 tamen
1711 4849 1827 4890 non
1959 4828 2351 4890 inscribuntur
2410 4831 2621 4888 Critica
2663 4874 2680 4903 ,
2736 4832 2813 4892 T.
2873 4829 2962 4891 11.
3006 4829 3124 4890 Vol.
3157 4826 3232 4892 ¹1.
3273 4834 3342 4914 p}

436 4908 627 4989 potest
666 4929 837 5000 ‘eum
894 4910 1214 5053 mssp'uam.
1253 4909 1590 5000 imperator
1646 4907 1827 4998 sacius
1956 4929 2057 4991 47.
2088 4910 2304 4994 &,Vol.
2343 4909 2463 4972 VI.
2488 4925 2552 4991 p.
2594 4928 2728 4989 552.

435 4988 612 5067 esset,
661 4990 963 5057 interdum
1045 4990 1371 5073 impliciter
1416 5011 1534 5054 uno
1586 4965 1858 5061 nomines
2801 5016 2808 5026 ·
