4702 6338
1411 414 1556 488 160
1881 405 2037 486 Lib.
2069 414 2190 487 111.
2242 414 2412 509 cap.
2450 385 2514 484 I.
2552 369 2671 487 De
2712 373 3328 510 jurisprudentia
3375 429 3571 486 nova

1299 578 1856 661 Constantinum
1914 582 2323 677 Magnum:
2375 573 2423 650 fi
2480 574 2732 675 quibus
2789 574 2863 652 in
2922 563 3119 652 rebus
3182 584 3417 656 tamen
3473 570 3734 678 aliquid
3791 565 4301 660 immutatum.

1302 684 1511 763 fuerit
1567 682 1658 761 ab
1703 705 1847 760 uno
1912 679 2025 757 vel
2080 678 2251 756 item
2298 677 2522 754 altero
2569 677 3042 779 Imperatore,
3087 676 3210 756 suo
3264 679 3424 756 loco
3481 703 3945 781 exponemus.

2551 817 2620 960 ς.
2722 859 3006 941 xxm.

1407 1049 1707 1151 Augusti
1765 1073 1865 1126 res
1924 1046 2139 1148 gestas
2195 1043 2516 1149 quamvis
2569 1045 2641 1130 in
2713 1043 2994 1123 historia
3043 1047 3227 1147 Juris
3289 1043 3673 1148 percensere
3719 1071 3864 1122 non
3922 1043 4269 1143 attineat,

1306 1154 1379 1233 id
1434 1175 1670 1231 tamen
1716 1150 1997 1228 videtur
2035 1147 2478 1243 faciendum,
2524 1169 2600 1225 ut
2628 1206 2654 1245 ,
2704 1171 2874 1248 quas
2931 1150 3316 1249 provincias
3355 1149 3650 1251 imperio
3695 1147 4034 1225 Romano
4081 1141 4269 1246 adje-

1307 1256 1507 1353 cerit,
1555 1276 2220 1332 commemooemus.
2274 1250 2682 1328 Perdomuit
2737 1271 2976 1328 autem
3013 1254 3266 1354 partim
3319 1252 3585 1346 dunila,
3635 1247 3891 1352 partim
3950 1247 4082 1326 aus
4119 1249 4272 1328 iciis

1306 1358 1480 1455 suis,
1545 1355 2059 1449 Cantabriam,
2106 1353 2620 1454 Aquitaniam,
2692 1354 3167 1451 Pannoniam,
3236 1353 3719 1447 Dalmatiam,
3765 1377 3927 1429 cum
4000 1349 4060 1428 ll
4092 1352 4275 1429 irico

1226 1477 1231 1482 ’
1305 1461 1506 1539 omni
1554 1459 1727 1536 item
1764 1456 2188 1551 Rhaetiam,
2234 1455 2682 1550 VindelicoS,
2733 1480 2815 1531 ac
2859 1453 3192 1552 Salassos,
3241 1474 3476 1555 gentes
3523 1454 3908 1556 Inalpinas:
3955 1475 4275 1531 ceterum

1310 1562 1401 1640 ab
1460 1561 1656 1639 omni
1710 1578 1943 1660 parte,
2002 1557 2208 1634 vifflis
2272 1555 2619 1653 hostibuS,
2689 1558 3010 1658 quietum
3069 1581 3149 1635 ac
3214 1557 3525 1635 securum
3603 1553 3937 1658 praestitit
4000 1557 4279 1632 Roma·—

1314 1689 1485 1741 num
1530 1662 1897 1777 imperium
1943 1657 2122 1759 [i],
2168 1659 2341 1735 adeo
2389 1659 2719 1758 quidem?
2772 1680 2847 1736 ut
2889 1661 3104 1736 etiam
3149 1659 3384 1736 Parthi
3447 1658 3632 1757 ligna
3681 1657 3943 1738 Crassis
3989 1657 4281 1735 ademta

1308 1764 1726 1847 reddiderint
1794 1759 1977 1865 [kh
2057 1781 2270 1861 atque
2338 1760 2698 1859 Augustus
2733 1764 2991 1861 Janum
3049 1783 3153 1837 ter
3214 1759 3564 1839 clauserit.
3622 1762 3702 1838 In
3765 1762 4016 1863 quibus
4070 1760 4281 1837 rebus

1312 1889 1744 1968 quamquam
1804 1865 1978 1938 mira
2021 1859 2361 1938 felicitate
2421 1859 2575 1939 usus
2622 1862 2759 1959 est,
2801 1879 3041 1940 tamen
3094 1864 3311 1941 etiam
3377 1887 3615 1962 graves
3669 1863 4083 1962 ignominias
4136 1861 4283 1937 cla-

1313 1967 1563 2070 desque
1616 1965 1782 2042 duas
1821 1964 2120 2040 omnino
2180 1964 2449 2064 accepit
2488 1965 2560 2053 in
2608 1965 3031 2061 Germania,
3059 1961 3594 2040 Lollimmm·ac
3641 1962 4033 2060 Varianam
4077 1961 4176 2063 [l
4201 1962 4228 2060 ]
4255 2021 4282 2040 .

1314 2064 1910 2147 Florentiffimum
1972 2063 2096 2141 sub
2137 2089 2223 2140 eo
2274 2064 2685 2166 imperium,
2756 2064 3234 2144 florentissima
3282 2066 3528 2160 civitas
3563 2059 3740 2144 fuit.
3802 2067 3886 2142 In
3945 2064 4280 2142 omnibus
4383 2067 4388 2074 '

1316 2193 1601 2265 tamen,
1659 2167 1909 2266 quibus
1963 2169 2106 2266 ejus
2156 2166 2526 2268 imperium
2571 2167 2988 2246 illustratum
3033 2167 3172 2264 est,
3231 2168 3475 2264 rebuS,
3539 2167 3735 2245 nulla
3791 2166 3886 2246 est
3927 2167 4287 2262 nobilior,

1319 2293 1442 2350 aut
1504 2269 1879 2367 illustrior,
1954 2267 2222 2370 epocha
2281 2267 2444 2345 nati
2518 2267 2827 2369 Christi,
2875 2295 3055 2372 quae
3117 2297 3205 2346 ex
3252 2267 3663 2349 accuratiori
3735 2270 4003 2347 ratione
4051 2266 4288 2367 [m},

1319 2372 1561 2454 incidit
1621 2372 1692 2449 in
1749 2396 2012 2447 armum
2066 2373 2156 2446 V.
2189 2371 2288 2447 C.
2336 2370 2772 2449 DCCLIV.
2832 2371 2904 2447 in
2965 2396 3228 2450 annum
3267 2370 3505 2474 mundi
3556 2371 4091 2473 MMMMHI.
4128 2395 4282 2471 quo

1323 2471 1640 2586 tempore
1685 2470 1954 2578 Census
2003 2472 2072 2549 in
2131 2471 2396 2571 Judaea
2459 2469 2681 2552 sacius
2734 2471 2876 2567 est,
2922 2473 2978 2551 is
3039 2473 3161 2577 qui
3224 2467 3360 2552 fuit
3409 2474 3594 2576 prior
3639 2473 3905 2569 altero,
3965 2473 4088 2575 qui
4152 2471 4284 2550 sub

1328 2574 1639 2683 Qum'no
1695 2574 1936 2676 Syriae
1988 2573 2285 2675 praefide
2337 2572 2533 2653 aelus
2586 2572 2680 2652 est
2719 2572 2916 2675 '[7'2].

2597 2755 2661 2860 ς.
2765 2748 3012 2837 xxx,

1426 2945 1627 3045 Jam,
1694 2964 1775 3021 ut
1828 2941 1901 3018 8<
1962 2966 2244 3020 morum
2302 2943 2448 3041 ejus
2502 2941 2862 3045 animique
2989 2942 3288 3022 uandam
3338 2944 3755 3046 imaginem,
3807 2945 3999 3050 quasi.
4053 2946 4126 3025 in
4185 2967 4290 3025 ta-

1326 3048 1491 3150 bula
1594 3046 1846 3123 uadam
1873 3043 2298 3147 expressam,
2340 3042 2790 3123 exhibeamus
2843 2961 3022 3144 [032
3071 3047 3234 3154 ille,
3269 3073 3700 3153 quamquam
3731 3050 3808 3126 ’δὲ
3855 3052 3926 3127 ln
3985 3049 4290 3150 pueritia

1324 3145 1397 3229 8(
1443 3147 1577 3251 ado
1607 3143 1901 3235 escentia
1958 3146 2459 3243 nonnullorum
2522 3146 2937 3224 dedecorum
3003 3175 3083 3249 ac
3136 3129 3606 3255 flagitiorum,
3655 3153 3727 3231 8<
3785 3154 3857 3231 in
3919 3147 4294 3231 Triumvi-

1326 3258 1486 3331 ra‘tu
1524 3250 1739 3330 etiam
1775 3248 2241 3349 crudelitatiS,
2293 3246 2613 3348 flagravit
2657 3246 2986 3350 infamia3
3025 3254 3266 3351 tamen
3319 3253 3558 3360 postea
3610 3256 3787 3335 vitia
3828 3257 4092 3355 magnis
4150 3254 4296 3331 vir·

1327 3353 1599 3431 tutibus
1641 3342 1952 3454 pensavit
1992 3349 2211 3427 bonus
2249 3348 2786 3451 paterfamilias,
2828 3351 3128 3431 clemens
3195 3354 3517 3438 dominus
3547 3413 3572 3453 ,
3635 3382 3718 3436 ac
3791 3380 4160 3461 patronuS,
4210 3356 4294 3435 fi-

1326 3453 1499 3536 delis
1553 3446 1626 3541 &
1708 3450 1926 3528 cornis
1988 3452 2294 3550 amicus,
2341 3451 3006 3553 continentiffimm,
3056 3480 3137 3532 ac
3214 3444 3742 3558 frugalisfimus,
3809 3461 4100 3560 diligens
4188 3479 4298 3535 at-

1332 3580 1475 3659 que
1578 3552 1805 3657 bonus
1872 3551 2194 3654 Princeps
2245 3608 2273 3649 ,
2375 3552 2577 3631 verus
2654 3555 2863 3643 Pater
2954 3557 3218 3658 patriae
3311 3558 3610 3661 denique
3665 3589 3686 3643 :
3774 3564 3850 3643 in
3962 3561 4295 3641 omnibus

1324 3656 1533 3738 rebus
1612 3650 1785 3734 felix
1819 3709 1847 3750 ,
1928 3674 2414 3757 praeterquam
2508 3655 2584 3734 in
2650 3651 2921 3734 familia
3002 3655 3121 3736 sua
3193 3659 3338 3772 [p]
3374 3719 3394 3739 .
3447 3664 3693 3763 Quam
3758 3665 4047 3766 diligens
4095 3663 4297 3744 Prin-

1328 3782 1490 3861 ceps
1567 3746 1821 3853 suerit,
1885 3754 2301 3858 intelligitur
2332 3756 2535 3856 inde,
2598 3757 2793 3861 quod
2829 3756 3341 3841 Rationarmm
3392 3765 3663 3869 imperii
3709 3765 3856 3873 [q]
3907 3792 3950 3846 a
4004 3765 4073 3846 se
4126 3789 4296 3844 con-

4041 3864 4050 3867 *
4093 3864 4191 3947 fe·

1331 4056 1456 4147 [k]
1502 4065 1651 4157 Sues.
1680 4064 1829 4144 stag.
1868 4084 1917 4124 c.
1959 4082 2057 4126 21.
2104 4065 2243 4133 Tac,
2271 4065 2349 4126 Α.
2385 4065 2472 4128 ΙΙ.
2511 4083 2563 4127 1.
2596 4086 2657 4129 v.
2704 4064 2816 4137 ibi.
2914 4082 3172 4131 terrarum
3196 4069 3425 4143 adjefia
3455 4070 3578 4141 eius
3631 4072 4011 4153 Difiyuifitioni
4035 4074 4101 4134 de
4130 4074 4297 4133 Prae-

1415 4141 1616 4221 Emefh
1667 4141 1752 4205 V.
1790 4142 1867 4206 C.
2914 4154 3044 4219 ,torio
3085 4152 3160 4216 ct'.
3195 4156 3266 4217 P.
3315 4153 3634 4236 Weffilingi
3665 4155 3745 4216 V.
3773 4155 3848 4219 C.
3893 4156 4036 4225 Diff.
4062 4155 4129 4216 de
4152 4160 4296 4217 Cen-

1332 4223 1400 4307 [l
1491 4227 1620 4285 Suet
1671 4228 1818 4305 Aug.
1864 4246 1913 4286 c.
1969 4244 2065 4303 23·
2098 4223 2172 4286 de
2208 4246 2327 4309 qua
2351 4226 2517 4291 clade
2542 4249 2602 4292 v.
2649 4232 2788 4291 Fur·
2881 4228 3251 4318 Juquirini
3275 4233 3354 4295 ud
3385 4260 3633 4299 marmor.
3667 4241 3883 4299 Murat.

1515 4303 1607 4365 ber
1642 4347 1658 4366 .
1701 4308 1954 4367 Monam.
2001 4304 2234 4368 paderb.
2549 4380 2552 4383 ¹
2880 4330 2909 4366 ο
2991 4317 3138 4377 Suet.
3170 4320 3317 4396 Aug.
3369 4339 3415 4379 c.
3450 4322 3548 4380 61.
3591 4318 3624 4380 s
3704 4363 3721 4381 .

1333 4380 1491 4470 [m]
1533 4328 1728 4462 θέε-νᾶ
1764 4436 1769 4441 .
1805 4384 2010 4448 chron.
2069 4404 2250 4469 quam
2309 4387 2572 4470 pluribus
2618 4408 2789 4469 argu·
2837 4306 2954 4472 [A
2997 4395 3264 4488 Stemma
3304 4397 3554 4477 Augusti
3595 4339 3915 4478 dcilqigenter
3959 4398 4018 4463 &
4059 4418 4299 4462 accura-

2906 4491 2979 4545 ,τε
3001 4477 3285 4563 digestum
3315 4481 3677 4561 explicatum
3719 4479 3961 4546 exhibet
3992 4484 4043 4543 1.
4074 4484 4154 4541 Α.
4185 4484 4302 4541 Fa-

2912 4553 3109 4621 bricius
3160 4560 3224 4622 in
3273 4563 3608 4642 fragmentis
3658 4560 3889 4643 Augusti
3927 4566 3970 4624 5
3967 4563 4255 4641 criptarum
4278 4605 4300 4639 ,

2912 4646 3154 4780 §mporu
3167 4644 3428 4786 ›ro‘tiafiosre
3433 4648 3619 4724 genere
3625 4661 3685 4724 p.
3715 4645 3891 4738 70..ὶά
3908 4647 4030 4708 etia·
4045 4642 4302 4708 editioni

2836 4740 3231 4946 [qsssssnff
3256 4742 3417 4888 .ἷῖξῖ
3451 4723 3891 4873 ἕεέεῗῖῗιὶ.
3921 4805 3998 4871 cf.
4040 4810 4182 4869 rac.
4217 4802 4302 4866 A.

2953 4926 2971 4947 .
3024 4904 3119 4947 11.

1417 4467 1638 4532 mentis
1669 4483 1869 4530 tuetur
1897 4466 1958 4530 &
1988 4465 2303 4530 confirmat
2332 4472 2542 4553 Pagius
2569 4471 2632 4533 in
2672 4475 2788 4555 Ap-

1396 4561 1592 4633 'paum
1650 4545 1853 4610 chum.
1915 4548 1978 4608 e‘n
2033 4544 2238 4611 Anmil.
2308 4554 2506 4615 Baron.
2566 4569 2629 4632 p.
2690 4573 2785 4632 37.

1415 4630 1549 4714 sqq.
1577 4632 1724 4692 Crit.
1764 4633 1961 4692 Baron.
2004 4629 2083 4691 ad
2108 4630 2354 4775 mcffhr.
2395 4653 2492 4713 34.
2534 4637 2612 4695 T.
2648 4637 2699 4713 1,
2725 4652 2788 4716 p.

1419 4722 1518 4790 23.
1546 4711 1819 4775 Ceteras
1860 4712 2117 4777 rationes
2232 4713 2402 4794 llegit
2445 4717 2497 4775 I.
2541 4718 2622 4779 A.
2678 4719 2787 4777 Fa-

1417 4790 1617 4851 bricius
1658 4791 1917 4873 Bibliogr.
1947 4795 2180 4873 Antiqu.
2213 4810 2275 4875 p.
2327 4794 2461 4874 178.
2550 4864 2560 4873 ‚

1337 4869 1462 4956 [n]
1505 4872 1638 4931 Luc.
1680 4873 1769 4934 11.
1830 4894 1881 4933 2.
1937 4896 1995 4936 v.
2040 4876 2291 4947 omnino
2326 4879 2462 4953 Jaec.
2511 4876 2790 4943 Perizonii

1422 4950 1569 5014 Diff.
1637 4951 2071 5033 elegantissima
2118 4955 2186 5017 de
2252 4955 2598 5040 descriptione
2650 4958 2788 5025 orbis
