4702 6338
1085 363 1539 475 juribusque
1582 363 1803 469 nsque
1844 365 1944 445 ad
1999 365 2372 465 Caesares·
2880 374 2884 378 ’
2975 375 3130 470 '127

293 523 614 610 formulis
662 544 745 600 ac
793 519 1040 601 ritibus
1104 522 1317 600 essent
1378 523 1806 624 peragenda,
1874 543 1952 603 ut
2008 522 2202 626 supra
2265 522 2706 606 monuimus:
2749 524 2834 605 in
2902 525 3006 605 his
3075 554 3222 630 quo

297 656 432 733 que
473 627 593 705 vel
643 624 957 726 inprimis
995 623 1362 702 adibantur
1407 622 1575 801 {IL
1622 625 2214 726 quemadmodum
2258 625 2331 703 8<
2380 624 2587 704 hodie
2633 627 2717 704 fit
2758 628 2856 705 ab
2903 628 3053 706 rudi
3112 629 3253 728 ple·

297 730 593 824 becula,
656 746 735 804 ut
781 724 1257 827 stipulationes
1280 778 1338 820 ‚..
1364 750 1407 801 a
1435 725 1794 827 iarumque
1853 751 2082 803 rerum
2129 726 2577 830 gerendarum
2640 726 2974 806 formulas
3022 727 3258 805 conci·

298 849 586 934 perent:
640 827 863 903 veluti
911 825 1520 925 emancipationis,
1563 827 1997 927 adoptioniS,
2054 828 2127 902 in
2180 829 2327 924 jure
2380 825 2738 922 ceffionis,
2790 827 3255 930 sponsalium,

296 930 483 1010 dotis
513 926 838 1005 difflonis
862 985 889 1022 ,
923 926 997 1002 in
1028 950 1321 1025 manum
1366 927 1889 1024 conventionis,
1918 926 2492 1004 testamentorum
2535 928 2564 1026 [
2603 926 2773 1025 m],
2819 929 3263 1025 cretionum‚

297 1028 911 1131 mancipationum
933 1084 956 1123 ,
1008 1025 1081 1103 8<
1127 1049 1309 1126 quae·
1353 1024 1509 1104 sunt
1562 1028 1824 1126 generis
1863 1027 2206 1124 ejusdem.
2257 1028 2504 1128 Atque
2555 1027 2768 1106 ineo
2813 1053 3060 1128 genere
3102 1050 3258 1106 tam

300 1131 665 1230 diligentes
725 1126 916 1204 fuere
972 1126 1181 1220 ICti,
1239 1148 1318 1204 ut
1380 1129 1598 1205 etiam
1649 1149 1865 1206 certas
1926 1125 2064 1205 fere
2123 1126 2398 1226 singulis
2459 1129 2805 1228 negociis,
2864 1126 3200 1207 formulas
3232 1185 3262 1225 ,

301 1257 381 1308 ac
436 1229 953 1331 stipulationes,
1004 1250 1553 1326 componerent:
1625 1254 1795 1331 quas
1843 1229 1966 1330 qui
2030 1226 2203 1306 solas
2265 1248 2630 1329 tamquam
2688 1255 2728 1305 e
2781 1228 3060 1307 dietatis
3111 1254 3256 1305 ma-

300 1330 489 1431 gistri
548 1327 901 1426 cujusdam
964 1328 1293 1406 tenebant
1319 1387 1346 1422 ,
1419 1333 1772 1431 ceteroqui
1835 1331 1933 1407 im
1985 1329 2139 1406 eriti
2202 1328 2404 1424 iuris,
2444 1326 2920 1426 fhrmularii,
2967 1348 3261 1429 praeco-

303 1458 432 1509 nes
478 1427 882 1523 afflonum,
932 1453 1249 1506 cantores
1284 1427 1776 1529 fhrmularum
1824 1433 1921 1530 [n
1986 1487 2012 1525 ,
2045 1425 2503 1541 pragmatici
2527 1427 2689 1604 ἑο]
2735 1429 3073 1531 denique,
3126 1454 3258 1505 vo-

307 1534 680 1609 cabantur.
721 1530 889 1606 Huc
922 1531 1268 1629 pertinent
1306 1529 1766 1610 Manilianae
1808 1530 2199 1607 venaltum‘
2230 1528 2524 1605 vencien
2577 1556 2776 1605 orum
2828 1527 3018 1627 leges
3064 1530 3094 1628 [
3182 1527 3222 1623 J

308 1632 446 1709 hoc
496 1627 1037 1810 {qm-'formulae
1095 1630 1302 1709 rebus·
1340 1632 1699 1714 venalibus
1755 1631 2126 1740 vendendis
2147 1657 2169 1710 :
2182 1621 2575 1731 stipulatio
2631 1627 3079 1729 Aquiliana,
3107 1548 3261 1706 {usi

312 1745 450 1834 que
535 1756 797 1810 nunes·
2069 1780 2073 1784 .
2214 1756 2223 1760 ·
2429 1739 2434 1743 ’

1647 1913 1723 2016 ς.
1815 1914 1950 2042 xr.

419 2091 762 2174 Tertium
811 2111 955 2171 erat
1010 2115 1270 2176 cavere
1289 2147 1314 2173 .
1359 2090 1699 2212 Namque
1744 2095 1885 2174 sere
1932 2096 2005 2172 in
2055 2093 2252 2174 omni
2305 2090 2612 2195 negocio
2657 2092 3047 2195 officioque·
3083 2090 3257 2170 civi-

312 2194 372 2274 li
420 2197 532 2296 [q
569 2194 598 2292 ]
658 2194 747 2272 sle
799 2190 1456 2293 Jurisconsultorum·
1502 2197 1820 2276 adibatur
1867 2197 2158 2293 domuS,
2217 2215 2583 2296 tamquam
2635 2195 2996 2273 oraculum
3047 2194 3272 2271 totius

315 2298 673 2375 civitatis:
716 2320 860 2397 quo
914 2295 1034 2372 fibi
1086 2297 1374 2400 quisque
1424 2297 1713 2377 consilio
1783 2297 2193 2401 prospiceret
2212 2353 2239 2393 ,
2292 2321 2383 2373 ne
2428 2316 2826 2396 caperetur,
2875 2315 3087 2396 atque
3141 2290 3273 2371 fal-

316 2399 615 2477 leretur:
666 2395 888 2474 veluti
930 2396 1003 2472 in
1060 2400 1400 2496 emendo,
1440 2397 1828 2496 vendende,
1872 2398 2169 2477 locando
2186 2455 2220 2495 ‚
2262 2396 2755 2493 conducendo,
2806 2394 3131 2473 societate
3170 2394 3275 2471 in·-

318 2498 549 2578 eun'da
576 2555 602 2594 ,
678 2493 1058 2598 ceterisque
1120 2501 1317 2578 rebus
1369 2501 1849 2578 contrahendis
1870 2556 1890 2577 .
1916 2499 2158 2599 ‚Q-uod
2213 2497 2402 2599 apud
2446 2499 2810 2575 Romanos
2863 2495 2997 2574 hoc
3053 2494 3275 2594 magis

319 2619 469 2678 erat
520 2597 1010 2693 necessarium,
1059 2601 1252 2702 quod
1302 2598 1407 2678 sae
1547 2627 1841 2679 numero
1901 2600 2051 2702 plus
2103 2600 2428 2696 valebat,
2473 2598 2547 2675 in
2605 2599 2807 2676 rebus'
2862 2594 3270 2675 contrahen-

319 2700 468 2797 dis,
525 2698 715 2803 quod
771 2698 1011 2798 lingua
1061 2727 1343 2803 nuncup
1438 2723 1557 2800 et,
1596 2701 2064 2805 scriptumque
2114 2700 2318 2799 esset,
2382 2723 2599 2803 quam
2650 2697 2988 2779 sententia
3033 2696 3108 2775 8<
3158 2719 3269 2775 ae·

321 2801 557 2902 quitas
575 2859 595 2880 .
646 2797 819 2879 Inde
872 2818 985 2876 tot
1036 2802 1394 2883 cautiones
1437 2828 1484 2881 a
1540 2803 1743 2882 ICtis
1791 2804 2118 2880 inventae
2136 2858 2158 2878 .
2547 2821 2554 2828 ·

1629 2982 1696 3085 §z
1730 3011 1743 3072 κ
1794 2938 1978 3061 Xu-

432 3164 778 3246 Ceterum
825 3162 1285 3268 Jureconsulti
1330 3160 1862 3247 consulebantur
1913 3164 2031 3243 vel
2071 3164 2146 3243 in
2195 3155 2574 3245 transverso
2633 3160 2792 3243 foro
2841 3158 3273 3243 ambulantes

326 3267 513 3370 [r],
564 3270 681 3348 vel
731 3270 924 3350 domi
984 3270 1140 3349 suae
1191 3273 1267 3349 in
1311 3268 1488 3349 solio
1534 3266 1837 3347 sedentes
1884 3266 2057 3368 [ς].
2603 3266 2608 3271 ’

1618 3449 1681 3551 §.
1782 3446 1997 3526 x111.

443 3635 604 3734 Jam
649 3659 811 3714 cum
862 3632 1280 3729 dixerimus,
1326 3653 1412 3711 ex·
1460 3632 1564 3710 his
1617 3628 2254 3731 Jureconsu'ltorum
2303 3626 2644 3724 inventis,
2707 3622 3072 3728 responsis,
3127 3621 3280 3741 opi-

336 3736 712 3834 nionibus,
774 3736 1303 3814 innumerabilia
1378 3738 1525 3831 jura
1576 3755 1742 3809 nata
1786 3730 1916 3809 esse
1939 3788 1964 3827 ,
2019 3729 2446 3806 monendum
2504 3729 2614 3804 hic
2668 3726 2809 3822 est,
2873 3726 2944 3803 id
2992 3751 3134 3803 non
3184 3745 3286 3801 ita

333 3838 754 3941 capiendum
816 3836 991 3933 esse,
1044 3835 1235 3938 quasi
1275 3833 1747 3934 Iurisconsulti
1795 3857 1950 3909 eam
2003 3830 2492 3908 amstoritatem
2556 3828 2964 3923 habuerint,
3011 3847 3091 3904 ut
3143 3823 3294 3902 sen-

335 3939 611 4019 tentiae
661 3963 903 4017 eorum
955 3962 1081 4038 pro
1127 3940 1271 4035 jure
1318 3937 1627 4013 valerent
1654 3993 1674 4011 .
1726 3934 1808 4010 Id
1868 3933 2056 4009 enim
2121 3930 2404 4032 privatis
2459 3928 2854 4005 hominibus
2919 3950 3062 4002 non
3117 3950 3287 4002 con-

334 4041 582 4145 venit..
628 4038 766 4120 Sed
813 4040 1162 4119 ICtorum
1214 4035 1591 4116 sententiae
1656 4035 1808 4114 vim
1858 4033 2021 4131 juris
2072 4030 2317 4109 uastae
2366 4029 2562 4128 sunt,
2603 4030 2796 4131 quod
2849 4024 2972 4103 usu
3019 4025 3283 4102 diutur-

3038 4149 3136 4203 no
3164 4181 3193 4222 ,
3227 4180 3232 4187 ·

471 4254 483 4262 ι

778 4267 795 4280 δ

401 4340 468 4424 l]
508 4343 629 4405 cic.
671 4345 774 4406 Or.
809 4344 936 4405 111.
987 4362 1085 4424 33.
1252 4378 1257 4381 -
1872 4333 1973 4417 q]
2014 4335 2138 4399 cic.
2182 4338 2284 4396 Or.
2328 4334 2454 4396 111.
2497 4350 2593 4412 33.
3215 4404 3226 4415 ·

337 4346 502 4511 [m]
539 4426 660 4487 Cic.
691 4429 852 4487 Brut.
899 4446 947 4486 c.
986 4444 1081 4505 59.
1126 4417 1199 4485 L.
1230 4420 1331 4487 88.
1360 4420 1423 4501 §c
1470 4418 1579 4482 vlt.
1607 4420 1689 4484 D.
1732 4419 1801 4480 de
1843 4333 1952 4502 {ss
1998 4420 2121 4480 Cic.
2161 4419 2263 4478 Or.
2306 4405 2432 4476 111.
2481 4432 2576 4493 33.
2614 4408 2758 4491 quod
2806 4427 2920 4471 erat
2946 4398 3161 4548 ἰηζὶζςηε,
3211 4425 3298 4466 m-

440 4506 543 4587 leg.
590 4526 647 4568 2·
1975 4499 2065 4560 uit
2093 4519 2233 4574 eum,
2249 4497 2347 4576 qui
2361 4494 2424 4555 id
2423 4493 2659 4570 βακε,
2666 4490 2849 4568 facere
2875 4513 3017 4550 omne
3053 4511 3116 4550 us
3158 4486 3297 4547 civi-

404 4610 441 4646 n
523 4588 645 4648 cic.
692 4590 796 4649 Or.
826 4589 879 4649 1.
925 4603 1022 4667 55.
1930 4519 2028 4639 {lus
2057 4577 2155 4656 fici
2192 4574 2397 4651 confilii
2434 4575 2639 4655 copiam
2657 4616 2674 4634 .

404 4690 434 4726 o
518 4670 775 4731 Cic-,Oro
815 4671 868 4731 Ι.
904 4688 1001 4747 59.
1580 4652 1595 4666 ⁸
1853 4655 1963 4742 [s]
2003 4659 2131 4721 Cicr
2188 4662 2291 4718 Or.
2353 4658 2405 4716 Ι.
2463 4655 2565 4731 46.
2623 4656 2756 4733 Leg.
2799 4653 2850 4712 Ῑ.
2899 4670 2956 4730 3.
3015 4649 3162 4739 Non
3207 4661 3296 4708 ta-

393 4745 491 4831 p]
531 4751 653 4810 Cic.
691 4751 793 4809 Or.
823 4749 1013 4828 1058,
1047 4750 1202 4810 Vas-r.
1243 4750 1321 4808 R.
1354 4743 1429 4808 R.
1472 4740 1560 4805 11.
1937 4760 2075 4802 rnen
2131 4735 2582 4800 existimandum
2615 4778 2633 4810 ,
2684 4732 2887 4810 sblzum
2945 4727 3108 4791 fuisse
3168 4748 3305 4807 pro·

437 4829 501 4891 le
529 4850 625 4901 {²8
658 4829 1085 4913 interpretatur
1123 4831 1180 4892 1.
1216 4830 1290 4892 F.
1321 4829 1561 4891 Gronw.
1596 4755 1808 4886 22³2]
1939 4820 2133 4901 prium
2170 4818 2197 4890 J
2208 4815 2703 4879 ureconsultorum
2724 4856 2742 4888 ,
2778 4811 2867 4873 uti
2898 4808 3147 4902 putabat
3167 4809 3302 4872 Hei-

430 4913 558 4975 Va.
598 4911 701 4974 W.
743 4908 804 4973 8.
1747 4920 1771 4981 s
1937 4901 2146 4962 neccius
2194 4905 2332 4960 Ant.
2365 4900 2497 4977 Jur.
2544 4897 2597 4957 1.
2640 4910 2706 4959 2,
2743 4910 2841 4973 33.
3277 4929 3284 4935 -
