4702 6338
905 461 952 529 'a
982 448 1196 554 Bafil.
1275 448 1666 529 Macedone
1708 447 1925 550 usque
1967 446 2064 525 ad
2113 444 2336 524 excid.
2399 443 2767 545 Constant.
3094 474 3242 549 337

385 622 690 702 nostram
739 619 1102 699 desiderat.
1149 621 1257 697 Ea
1297 623 1419 699 etfi
1473 648 1512 697 a
1566 622 1973 723 quibusdam
2026 618 2112 696 ad
2163 622 2574 695 Romanum
2626 619 3071 717 Lecapenum
3126 616 3348 712 junio·

275 761 286 767 ·
388 751 534 801 rem
588 722 942 801 aufflorem
997 719 1287 798 refertur
1336 782 1360 819 ‚
1411 724 1745 799 incertam
1801 744 2035 799 tamen
2090 719 2366 796 videtur
2416 718 2663 796 habere
2714 718 3102 817 originem:
3158 742 3348 816 prae-

391 846 706 927 terquam
765 883 790 921 ,
858 823 1047 925 quod
1118 822 1301 901 haud
1375 824 1582 902 dubie
1633 845 1779 901 non
1851 821 2230 899 admodum
2280 820 2401 897 diu
2472 819 2620 920 post
2694 818 2916 918 ipsum
2971 818 3354 892 Βκσ-ιλικίδν

391 952 639 1026 corpus
693 921 1009 1001 confee'ta
1061 924 1203 1000 est.
1257 925 1378 1000 Ab
1429 925 1712 1002 aufflore
1762 982 1789 1022 ,
1866 922 2167 1024 quisquis
2221 921 2338 998 ille
2389 920 2471 997 fit
2520 978 2545 1016 ,
2595 918 2840 1021 scripta
2892 920 2989 996 est
3023 977 3048 1014 ,
3123 916 3359 995 secun·

319 1085 320 1088 ,
390 1021 561 1106 dum
613 1025 851 1105 seriem
904 1026 1350 1121 litterarum‚‘
1385 1027 1495 1110 eui
1550 1026 1768 1106 simile
1815 1025 2056 1102 laudat
2105 1022 2444 1121 Cujacius
2495 1019 2720 1120 μικρόν
2750 1019 2964 1094 κριτοὶ
3015 1020 3357 1119 ς-οιχεῖονε

392 1126 504 1225 sed
556 1128 675 1227 qui
729 1151 883 1204 eam
934 1125 1122 1203 dedit
1150 1183 1182 1222 ,
1231 1128 1343 1226 Jo.
1395 1127 1861 1206 Leunclavius
1916 1123 2073 1223 [x]
2125 1149 2283 1201 eam
2333 1122 2710 1199 secundum
2763 1121 3073 1198 ordinem
3122 1119 3363 1196 Bafili-

401 1229 644 1303 corum
697 1227 1084 1323 librorum,
1132 1253 1278 1327 quo
1330 1228 1578 1305 melius
1627 1229 1807 1305 verti
1845 1225 2078 1329 ⁴posset
2116 1275 2142 1323 ‚
2205 1223 2474 1324 digeflit
2507 1281 2533 1302 .
2600 1223 2813 1302 Liber
2862 1223 2950 1300 ad
3000 1221 3361 1299 historiam

399 1327 1189 1429 interpretationemque
1239 1330 1402 1428 juris
1456 1328 1851 1408 utilissimus
1897 1371 1926 1406 .
2772 1391 2775 1392 ⁷
3105 1351 3115 1361 ·

1635 1509 1779 1610 ψς,
1852 1511 2094 1602 vn.

501 1689 810 1767 Traditis
863 1691 944 1769 iis·
976 1749 1003 1788 ,
1050 1717 1230 1794 quae
1283 1691 1560 1794 propius
1616 1690 1997 1766 Βκσιλικῶν
2052 1690 2676 1791 Ιὶὸτοεψαηίηὲυηῐ
2709 1675 2749 1786 ’,
2819 1689 2959 1787 jam
3013 1687 3361 1790 perseque-

406 1817 563 1869 mur
621 1814 880 1869 ceteros
931 1793 1046 1870 vel
1118 1793 1341 1872 ICtos
1372 1852 1396 1889 ‚
1451 1794 1562 1870 vel
1621 1795 1971 1870 ICtorum
2024 1793 2284 1886 libros,
2350 1793 2473 1892 qui
2555 1791 2655 1866 his
2707 1792 3134 1890 temporibus
3187 1790 3362 1865 exti-

405 1915 638 1970 terunt
671 1950 691 1968 .
749 1895 832 1968 In
884 1894 1133 1995 quibus
1184 1895 1414 1994 prince
1455 1920 1492 1971 *s
1564 1894 1662 1970 est
1720 1921 2047 1993 enorme
2103 1950 2128 1987 ,
2178 1891 2583 1968 Patriarcha
2632 1891 3362 1990 Constantinopolita-

401 2020 528 2070 nus
561 2051 584 2090 ,
635 1994 756 2095 qui
809 1995 989 2071 circa
1039 2019 1299 2071 annum
1353 1997 1426 2072 C
1483 1994 1618 2071 risti
1677 1992 2413 2071 DCCCLXXXIII.
2469 1993 2782 2094 adeoque
2833 2014 2994 2068 ante
3049 1990 3373 2067 Basilice·

403 2120 558 2171 rum
609 2091 1115 2172 confefflonem
1174 2097 1266 2195 [y
1293 2095 1361 2190 ],
1411 2094 1667 2197 scripsit
1721 2104 2285 2171 Nomocanonem
2335 2152 2363 2189 ,
2428 2094 2548 2194 qui
2604 2096 2820 2170 etiam
2875 2089 3224 2190 Προκαναίν
3272 2090 3374 2167 di·-

405 2197 587 2273 citur
619 2254 639 2271 .
723 2204 1171 2272 Nomocanon
1247 2197 1500 2273 dicitur
1533 2255 1558 2294 ‚
1618 2197 1785 2297 quia
1836 2196 2056 2273 veluti
2109 2195 2600 2296 compendium
2670 2193 2764 2271 est
2816 2194 2979 2291 juris
3049 2193 3371 2269 canonici

405 2299 840 2398 Graecorum
876 2354 903 2392 ‚
967 2299 1491 2399 comparatione
1562 2299 1897 2374 nimirum
1960 2295 2149 2374 faeia
2201 2295 2822 2373 Constitutionum
2877 2294 3377 2371 Ecclefiastica-

409 2424 563 2475 rum
625 2399 1274 2498 Imperatoriarurn‚
1326 2423 1487 2492 cum
1542 2399 2000 2475 conciliorum
2055 2397 2475 2475 Canonibus
2511 2454 2537 2491 ,
2586 2398 2659 2472 ὃς
2713 2415 3031 2472 veterum
3085 2398 3380 2473 Patrum

412 2499 742 2600 Epistolis
796 2500 1224 2595 Canonicis„
1282 2497 1629 2596 Προκοινών
1680 2498 2080 2598 adpellatuS,
2135 2495 2230 2574 est
2269 2557 2294 2594 ,
2365 2497 2530 2598 quia
2603 2498 2657 2573 is
2726 2496 2898 2572 liber
2962 2496 3379 2573 Canonibus

415 2601 866 2702 praeponitur
901 2658 920 2675 .
967 2601 1183 2676 Hunc
1239 2600 1832 2676 Nomocanonem
1889 2599 2024 2677 live
2078 2602 2559 2676 Procanonem
2632 2598 3141 2675 Constantinus
3217 2598 3383 2673 Por-

408 2703 934 2803 phyrogenneta
967 2701 1197 2776 denuo
1229 2700 1665 2797 recognitum
1724 2701 1913 2776 dedit
1945 2759 1969 2796 ‚
2026 2702 2129 2778 uti
2207 2727 2292 2777 ex
2360 2700 2614 2798 graecis
2682 2699 3170 2799 interpretibus
3226 2695 3379 2796 [z]

408 2802 613 2879 docet
674 2801 1014 2897 Cujacius
1070 2799 1259 2898 [a].
1326 2801 1596 2878 Primus
1657 2828 1747 2877 ex
1831 2797 2250 2879 bibliotheca
2309 2803 2421 2900 J0.
2482 2799 2659 2876 Tilii
2740 2801 2916 2877 eruit
2987 2799 3385 2877 Gentianus

411 2905 768 2980 Hervetus
799 2958 824 2995 ,
875 2900 946 2976 8<
1001 2901 1214 2980 latine
1268 2900 1538 2979 versum
1596 2903 1810 2979 edidit
1862 2903 2043 3001 [b]:
2097 2926 2363 2979 novam
2414 2901 2657 2978 deinde
2737 2901 3383 3002 interpretationem

408 3002 572 3081 fecit
629 3001 1220 3101 Henr.Agylaeus
1256 3001 1415 3101 [c].
1474 3003 1800 3081 Tandem
1857 3030 2094 3103 graece
2151 3003 2223 3080 8<
2281 3004 2496 3080 latine
2550 3001 2772 3080 editus
2824 3028 2913 3080 ex
2958 3002 3382 3079 bibliotheca

401 3104 730 3216 Palatina
789 3127 831 3178 a
884 3102 1397 3204 Christophoro
1445 3104 1734 3204 Justello
1806 3105 2013 3205 [d]:
2082 3105 2413 3208 repetitus
2494 3103 2728 3208 postea
2808 3104 2884 3183 in
2940 3102 3383 3203 Bibliotheca.

413 3207 602 3304 Juns
655 3204 1012 3282 Canonici
1064 3206 1314 3284 veteris
1401 3206 1672 3306 Justelli
1727 3205 1907 3309 [eJ.
3178 3254 3185 3259 ·

2883 3509 2959 3614 ς.
3058 3506 3280 3590 vm.

420 3807 537 3899 [x]
581 3808 946 3905 Leunflavius
982 3832 1113 3876 eam
1139 3814 1312 3904 ercle.
1340 3810 1597 3874 sambuci
1633 3808 1912 3955 Codice‚1
2006 3834 2141 3878 com
2186 3816 2344 3879 endii
2386 3815 2450 3876 in
2507 3814 2579 3877 L.
2637 3817 2846 3880 titulos
2901 3814 3126 3893 divisa,
3167 3815 3229 3879 δι
3275 3812 3393 3897 pri-

498 3894 751 3954 Tarenn
799 3911 1063 3974 repert0,
1107 3894 1323 3970 edidit,
1361 3910 1495 3956 cum
1530 3895 1878 3977 interpreta-
2007 3918 2110 3958 mo
2214 3897 2417 3958 omani
2471 3895 2727 3957 Senioris
2768 3918 2924 3958 anno
2962 3900 3155 3971 edita,
3201 3915 3390 3978 quae,

503 3973 668 4034 tione
708 3974 896 4034 latina
948 3972 1119 4055 Bftfil.
1184 3992 1356 4052 1575.
1389 3973 1495 4050 fol.
1535 3974 1880 4053 Observatio-
2012 3978 2247 4039 testibus
2273 3973 2553 4036 Lambecie'
2584 3978 2645 4037 δι
2670 3977 2897 4051 Neue-lii
2927 3977 3392 4038 Cemmentariis

504 4074 592 4112 nes
633 4053 710 4114 <9⁰
749 4055 1154 4114 Emendationes
1204 4057 1263 4114 in
1299 4055 1573 4136 synopsim
1627 4055 1881 4132 Bastlico-
2010 4059 2082 4119 de
2123 4057 2483 4119 bibliotheca
2531 4054 3008 4131 Vindobonenfi,
3052 4055 3393 4117 adservatur

505 4156 623 4193 rum
672 4132 894 4214 scripfit
940 4142 1075 4196 Car.
1131 4134 1408 4195 Labbaeus
1462 4138 1649 4198 editas
1703 4138 1881 4217 Paris]
2013 4139 2237 4200 inedita
2277 4139 2336 4199 in
2383 4136 2747 4198 bibliotheca
2784 4136 3105 4198 Caesarea.

514 4216 689 4275 1606.
736 4215 793 4274 8.
837 4216 897 4275 in
929 4216 1151 4307 quibus⁴
1181 4217 1421 4357 quidem
1470 4218 1760 4299 plurimae
1799 4220 1884 4281 lu·
1933 4216 2053 4299 [y]
2098 4242 2155 4282 v.
2199 4219 2494 4293 Hofinann.
2532 4217 2673 4294 Hifl.
2699 4221 2830 4295 Jur.
2879 4217 3003 4277 111.
3051 4237 3102 4295 3.
3134 4237 3189 4293 3.
3215 4215 3391 4293 Cuiaeae

510 4315 692 4355 canae
736 4315 804 4355 ex
850 4294 1066 4377 scripto
1098 4295 1196 4357 bib
1231 4296 1497 4359 iothecae
1542 4302 1738 4378 regiae
1777 4303 1883 4362 Pa.-
2012 4300 2124 4360 cius
2154 4320 2294 4362 vero
2341 4298 2476 4376 obs.
2520 4298 2639 4359 Vl.
2681 4317 2741 4374 9.
2803 4318 2939 4360 eum
2983 4296 3243 4379 Basilicis
3294 4317 3390 4359 ae·

507 4374 604 4436 ris.
650 4372 1023 4456 supplentur,
1065 4375 1304 4438 Scholia
1351 4398 1559 4455 graeca
1606 4380 1666 4442 &
1707 4402 1884 4463 quae·
2059 4382 2252 4455 nalem
2293 4381 2529 4441 statuit.
3360 4382 3363 4387 ’

507 4456 645 4516 darn
680 4458 880 4536 capita
904 4459 1161 4536 primum
1192 4477 1543 4520 revocantur
1566 4462 1626 4520 in
1657 4462 1879 4525 lucem.
1979 4484 2014 4524 z
2100 4462 2171 4523 ad
2211 4465 2281 4522 L.
2321 4461 2425 4522 ult.
2466 4467 2538 4522 C.
2579 4460 2646 4520 de
2674 4459 2864 4538 custod.
2903 4480 3030 4524 reor.

508 4535 791 4597 Ceterum
836 4538 909 4599 de
947 4535 1054 4599 hac
1108 4537 1352 4619 Svnopfi
1397 4561 1458 4602 v.
1506 4540 1705 4619 Cujaec.
1747 4518 1914 4645 Obfil
1976 4566 2012 4601 a
2097 4543 2295 4619 Cuiac.
2348 4541 2483 4620 Obsi
2529 4538 2649 4602 VI.
2688 4562 2748 4618 9.

507 4616 757 4677 XVIII.
808 4637 902 4697 37.
969 4619 1065 4695 38.
1120 4618 1382 4699 Scriptus
1429 4641 1552 4689 eius
1593 4622 1740 4685 liber
1778 4624 1914 4717 ser-3
1979 4623 2016 4683 b
2100 4622 2270 4698 Bafil.
2320 4630 2494 4698 1561.
2526 4621 2628 4698 sol.

505 4712 689 4759 vatur
733 4699 1062 4759 etiamnum
1094 4700 1157 4759 in
1203 4698 1563 4763 bibliotheca
1601 4703 1914 4773 Caesarea,
1979 4626 2056 4782 cl
2096 4707 2225 4765 Par.
2267 4724 2438 4782 1574·

504 4775 852 4839 Vindobon.
870 4801 929 4841 v.
959 4778 1207 4839 Lambec.
1234 4785 1596 4844 commentar.
1620 4784 1883 4848 Biblioth.
1908 4810 1913 4823 ·’

1979 4785 2061 4863 d]
2106 4784 2285 4862 Parifi
2338 4791 2511 4862 1615.
2553 4804 2614 4862 4.

501 4856 793 4920 vindobon.
826 4859 941 4921 VI.
969 4862 1094 4923 init.
1143 4860 1284 4921 Non
1315 4860 1720 4929 confundenda
1746 4888 1881 4929 cum
1936 4834 2046 4948 ἴε]
2090 4868 2204 4927 Vol.
2250 4867 2337 4927 11.
2385 4860 2563 4942 Paris.
2606 4887 2660 4927 a.
2703 4864 2875 4925 1661.
2916 4865 3203 4928 Ceterum
3241 4860 3403 4947 conf.

499 4937 614 5003 hac
641 4948 836 5021 εωγῑ
859 4940 941 5005 est
984 4952 1182 5020 Εκληὸ
1221 4952 1319 5008 σὸι
1347 4954 1529 5024 η’μη,
1549 4945 1614 5009 in
1631 4945 1936 5019 moduml,
2011 4946 2230 5014 fabric.
2271 4944 2430 5011 Bibl.
2468 4949 2569 5010 Gr.
2611 4944 2729 5010 Vol.
2773 4945 2883 5009 IX.
2910 4964 2973 5029 p.
3020 4947 3154 5029 558.
