4702 6338
1460 452 1624 547 2⁶90
2042 410 2197 527 Lib.
2219 456 2340 527 ΠΙ.
2374 454 2545 550 Cap.
2579 454 2700 528 IV.
2731 457 2914 556 Des
2913 447 3453 552 urisprudentia
3473 480 3667 536 nova

1354 610 1597 698 'Attila
1640 680 1666 718 ,
1730 613 1873 702 ‘dux
1922 625 2356 702 Hunnorum
2395 682 2421 721 ,
2490 622 3175 726 quingentorumque
3233 619 3540 700 millium
3603 622 3989 702 exercitum
4053 625 4332 710 Tholo-

1357 718 1500 800 sam
1563 721 1772 826 usque
1829 726 2204 823 perduxit:
2264 726 2337 805 8<
2386 749 2547 802 cum
2621 725 2846 800 Ae'tio
2892 781 2916 817 ,
2988 722 3474 800 Narbonenlis
3541 727 3937 825 provinciae
3986 729 4335 830 praeside,

1357 827 1733 904 Merovaei
1814 827 2246 906 Francorum
2303 827 2525 926 τρεῖς,
2581 824 3129 926 Gothorumque
3200 824 3474 901 auxiliis
3528 825 3865 906 instrusso
3898 885 3926 925 ,
3990 831 4333 930 proelium

1359 945 1510 1003 tam
1571 948 1774 1003 atrox
1834 928 2222 1022 commisit,
2282 949 2360 1004 ut
2408 954 2495 1005 eo
2556 925 2668 1004 die
2734 946 3018 1003 centum
3083 924 3447 1026 oeioginta
3501 927 3726 1006 millia
3780 925 4156 1007 ceciderint
4205 929 4336 1029 [i]

1359 1029 1661 1105 Aetium
1739 1028 1970 1128 postea
2036 1032 2483 1146 Imperator,
2556 1027 2937 1130 suspicione
2997 1053 3076 1103 ca
3095 1046 3253 1129 ptus
3294 1084 3320 1123 ,
3381 1025 3520 1128 ipse
3590 1031 3866 1108 neca-vit
3928 1027 4074 1130 [k]
4127 1059 4146 1109 ε
4226 1029 4338 1109 sed

1359 1126 1501 1227 ipse
1581 1134 1865 1244 quoque
1946 1157 2090 1208 non
2154 1152 2259 1208 lta
2332 1131 2567 1208 multo
2641 1127 2792 1231 post
2877 1129 3139 1206 artibus
3224 1157 3532 1205 MAlet
3591 1186 3617 1226 ,
3709 1132 3886 1209 civis
3966 1133 4334 1228 Romani,

1359 1230 1493 1306 viri
1561 1227 1903 1325 dlgnitate
1965 1233 2278 1334 inprimis
2350 1231 2751 1333 praestantis
2782 1288 2809 1328 ,
2872 1226 3278 1307 intersec‘ius
3326 1229 3482 1307 est:
3541 1232 3665 1332 qui
3720 1255 3935 1329 cum,
3996 1232 4212 1310 duaa
4264 1260 4337 1310 u·

1358 1355 1528 1409 xore
1580 1331 1908 1410 Eudoxia
1943 1392 1968 1431 ,
2015 1359 2271 1411 nornen
2336 1333 2781 1434 Imperatoris
2837 1329 3170 1408 surnfiffizt
3214 1389 3240 1427 ,
3305 1331 3495 1408 brevi
3562 1325 3712 1435 post
3773 1333 3911 1434 ipse
3968 1332 4209 1412 fraude
4267 1361 4338 1412 u·

1356 1434 1544 1509 xoris
1613 1431 1914 1512 sublatus
1985 1433 2081 1512 est
2149 1435 2344 1535 [l],
2396 1434 2768 1512 Genserico
2830 1459 2919 1510 ex
2998 1428 3241 1509 Africa
3324 1432 3605 1534 Italiam
3699 1436 4075 1512 invadente
4171 1461 4335 1512 cum

1358 1534 1668 1610 exercitu
1743 1538 2054 1613 Romam
2124 1539 2546 1614 adventante
2609 1563 2633 1614 ε
2711 1560 2925 1637 quarn
2985 1534 3216 1611 statim
3278 1535 3461 1635 cepit
3509 1592 3535 1631 ,
3602 1535 4038 1639 abduciaque
4100 1537 4335 1615 Eudo·

1356 1634 1521 1730 xia,
1578 1661 1740 1714 cum
1792 1637 2118 1736 filiabus,
2171 1639 2490 1715 Eudocia
2533 1637 2605 1716 8<
2663 1636 3023 1730 Placidia,
3069 1632 3478 1712 inAfricam
3534 1636 3834 1714 reversus
3864 1696 3890 1732 ,
3939 1637 4339 1715 Eudociam

1359 1733 1733 1816 Honorico
1794 1737 1949 1816 filio
2008 1738 2593 1841 collocavit[m]
2624 1796 2644 1817 .
2692 1738 2900 1818 Obiit
2955 1736 3493 1820 Valentinianus
3536 1758 3723 1816 anno
3775 1740 4050 1840 imperii
4094 1739 4336 1817 XXX.

2690 1919 2761 2023 §·
2865 1915 2999 1998 w,

1461 2108 1773 2188 Mortuo
1821 2104 2328 2188 Valentiniano
2402 2107 2541 2184 111.
2607 2102 2978 2208 imperium
3046 2104 3462 2181 Romanum
3515 2102 3586 2180 in
3605 2103 3993 2182 Occidente
4042 2101 4187 2184 fere
4234 2105 4346 2185 de-

1359 2210 1473 2290 fiit
1501 2266 1523 2287 .
1574 2212 1776 2288 Nam
1844 2211 2116 2312 imperii
2179 2211 2494 2288 Romani
2552 2207 2839 2306 insignia
2892 2206 2965 2283 8<
3001 2225 3412 2282 ornamenta
3465 2230 3510 2282 a
3560 2205 3940 2303 Vandalis,
3982 2227 4193 2322 capta
4234 2232 4341 2285 ur-

1364 2311 1453 2390 be
1490 2370 1516 2408 ,
1588 2313 1661 2387 in
1733 2308 2048 2407 Africam
2090 2369 2116 2408 ,
2188 2310 2699 2410 CarthagInem
2786 2304 3133 2410 asportata
3205 2304 3420 2407 sunt;
3488 2308 3608 2408 qui
3680 2331 3837 2384 eam
3908 2310 4342 2409 provmciam

1363 2438 1489 2515 per
1528 2411 1696 2489 ocoto
1745 2411 1818 2489 8<
1864 2413 2273 2512 oeiuaginta
2315 2436 2540 2489 annos
2596 2429 3006 2487 tenuerunt:
3063 2409 3343 2486 Romae
3407 2431 3646 2485 autem
3704 2407 3777 2486 8<
3830 2410 3901 2485 in
3964 2410 4170 2486 Italia
4217 2409 4344 2487 etfi

1365 2514 1584 2616 aliqui
1640 2514 2099 2614 Imperatores
2154 2511 2436 2591 fuerunt
2471 2569 2499 2608 ,
2557 2511 2698 2589 ssve
2738 2509 2856 2587 sua
2913 2508 3156 2624 sponte
3209 2509 3436 2586 exorti
3476 2567 3503 2607 ,
3571 2509 3712 2586 five
3771 2511 3858 2586 ab
3905 2510 4353 2611 Imperatori-⁴

1363 2615 1491 2692 bus
1552 2615 1866 2691 Orientis
1900 2637 1948 2711 ,·
1989 2634 2068 2691 ut
2137 2629 2259 2716 p'ar
2311 2634 2507 2709 erat,
2563 2612 2834 2708 creati,
2880 2610 3236 2712 aliquique
3284 2611 3501 2687 etiam
3542 2611 4118 2688 'Constitutiones
4182 2619 4345 2713 pross

1363 2716 1768 2814 mulgarunt
1823 2771 1849 2812 ,
1922 2739 2106 2817 quae
2165 2713 2322 2793 sun't
2370 2714 2551 2792 inter
2600 2713 2945 2791 Novellas
2997 2711 3289 2789 Codicis
3335 2712 3810 2789 Theodoliani
3847 2769 3873 2809 ,
3918 2712 3993 2790 8<
4046 2713 4120 2789 in
4191 2714 4342 2791 Co-

1362 2815 1516 2894 dice
1561 2815 2004 2915 Justiniano:
2057 2817 2322 2894 mimici
2378 2834 2616 2893 tamen
2676 2813 2818 2892 fere
2863 2831 3142 2891 tantum
3178 2814 3654 2914 *Imperatores
3711 2812 4038 2910 fuerunt,
4084 2835 4209 2892 aut
4246 2814 4344 2891 di-

1365 2918 1463 2994 cis
1535 2915 1741 2995 causa
1789 2916 2206 3028 djgnitatem
2257 2916 2717 3017 Augustalem
2772 2913 3217 3015 usurparunt:
3266 2939 3431 2991 cum
3482 2912 3628 2992 'fere
3674 2916 3850 2992 nihil
3892 2933 4173 3017 'praeter
4225 2923 4356 2993 no-'

1364 3042 1530 3097 men
1601 3037 1959 3116 tenerent,
2018 3019 2135 3097 vel
2179 3017 2427 3096 saltem
2479 3015 2850 3095 brevissimi
2902 3016 3174 3116 imperii
3235 3014 3435 3093 usura
3493 3015 3924 3094 fruerentur.
3994 3017 4174 3094 Sunt
4228 3042 4342 3094 au-

1363 3139 1514 3198 tem
1570 3119 1720 3221 post
1789 3121 2374 3198 Valentinianum
2426 3122 2883 3221 Imperatores
2952 3117 3022 3194 in
3072 3118 3460 3196 Occidente
3485 3177 3511 3216 ,
3564 3140 3831 3221 praeter
3886 3144 4341 3217 MAxnvrcm,

1363 3217 1533 3298 saffl
1569 3278 1595 3317 ‚
1656 3221 1770 3298 vel
1835 3224 2064 3300 exorti
2127 3220 2257 3301 hi:
2328 3249 2617 3298 Avlrus
2651 3276 2678 3318 ,
2726 3247 3300 3316 MAJORIANus‚
3355 3246 3741 3318 sssvssnus,
3802 3248 4280 3299 ANTHEMIUS
4317 3279 4345 3319 ‚

1359 3347 1787 3419 omnum,
1836 3348 2306 3420 GLYCERIUS,
2359 3348 2663 3420 Jumus,
2715 3348 3165 3399 AMssnosms
3197 3378 3223 3417 ,
3271 3320 3344 3398 8<
3398 3347 3875 3415 MoMYLLcs,
3932 3322 4054 3424 qui
4105 3380 4132 3419 ,
4183 3347 4342 3400 cum

1360 3448 1534 3525 puer
1590 3448 1634 3499 a
1695 3443 1890 3524 patre
1950 3442 2216 3500 creatus
2280 3422 2635 3521 Augustus
2688 3420 2851 3500 effet
2885 3480 2911 3519 ,
2988 3418 3428 3519 Augustulus
3491 3422 3715 3501 dicius
3799 3421 3896 3500 est
3920 3449 3960 3501 .:
4044 3423 4341 3502 decimo-

1419 3550 1503 3601 ue
1553 3522 1705 3627 post
1765 3521 1994 3601 mense
2047 3524 2138 3602 ab
2198 3524 2532 3603 Odoacro
2560 3581 2587 3620 ‚
2637 3548 2795 3623 rege
2862 3522 3273 3605 Gothorum
3308 3581 3335 3622 ‚
3382 3524 3663 3602 coaetus
3691 3583 3720 3622 ‚
3772 3524 4066 3627 imperio
4116 3522 4184 3602 se
4236 3526 4345 3602 ab·

1361 3551 1666 3701 dicavit.
1729 3624 1909 3723 Quo
1959 3646 2275 3728 tempore
2326 3625 2426 3702 im
2516 3624 2697 3703 rium
2754 3626 3169 3702 Romanum
3220 3625 3294 3702 in
3347 3626 3735 3704 Occidente
3791 3625 4204 3704 Gothorum
4273 3626 4344 3703 in

1366 3725 1577 3802 Italia
1632 3750 1819 3825 reges
1871 3750 2042 3803 occu
2094 3746 2296 3803 arunt
2330 3783 2350 3803 .
2488 3728 2594 3825 jus
2659 3723 3155 3804 dominationis
3208 3726 3280 3804 in
3338 3727 3545 3804 Italia
3590 3726 4000 3806 Gothorum
4062 3729 4360 3806 initium-

1363 3824 1462 3902 est
1523 3825 1615 3903 ab
1680 3850 1743 3902 a.
1803 3824 1980 3904 Chr.
2110 3826 2691 3906 CCCLXXVI.
2742 3826 2899 3905 finis
2965 3830 3204 3905 autern
3254 3824 3477 3905 faetus
3540 3829 3638 3911 est
3694 3854 3759 3907 a.
3820 3828 4016 3927 Chr„
4066 3831 4351 3909 DLIV.

1366 3951 1517 4029 quo
1584 3952 1771 4007 anno
1825 3927 1919 4005 ab
1968 3928 2340 4031 Justiniani
2409 3929 2719 4008 exercitu
2781 3929 3108 4008 debellati
3175 3926 3333 4006 sunt
3360 3985 3388 4007 .

2758 4108 2828 4213 ᾳ
2929 4113 3081 4196 ν...

1466 4288 1874 4370 Theodofio
1935 4294 2035 4371 II.
2083 4291 2394 4373 succeffit
2448 4306 2621 4373 iun
2640 4314 2937 4375 rmnus
2980 4352 3003 4371 .
3071 4292 3142 4372 Is
3217 4290 3471 4373 humili
3500 4318 3776 4396 ¹genere
3850 4312 4051 4376 οἵως
4129 4296 4205 4376 in
4260 4295 4346 4374 11-

1361 4388 1590 4493 lyrico
1638 4449 1664 4489 ,
1727 4392 2106 4473 virtutibus
2173 4395 2641 4499 industriaque
2688 4454 2716 4494 ‚
2785 4396 2859 4474 in
2920 4395 3327 4475 Tribunatu
3394 4395 3704 4475 militurn
3759 4419 3965 4476 tanto
4027 4395 4094 4475 se
4144 4423 4348 4501 opere

1362 4492 1654 4591 jaeiarat
1719 4492 1793 4570 8<
1849 4495 2460 4576 commendaverat
2529 4496 2853 4576 omnibus
2893 4554 2922 4595 ,
2984 4518 3064 4575 ut
3100 4555 3127 4594 ,
3193 4523 3357 4575 cum
3406 4498 3771 4577 Pulcheria
3808 4558 3834 4594 ‚
3882 4520 4169 4578 mortuo
4217 4497 4350 4577 fra-

1365 4614 1472 4671 tre
1527 4594 1936 4675 Theodosio
1963 4653 1991 4695 ,
2057 4597 2148 4676 ad
2220 4599 2592 4703 imperium
2653 4619 2910 4678 vocata
2980 4596 3144 4678 esset
3179 4656 3208 4697 ,
3262 4623 3474 4677 nemo
3546 4600 3677 4678 illo
3744 4600 4023 4702 dignior
4070 4598 4347 4779 ip‘slie—vi-
4452 4622 4455 4625 *

1409 4868 1471 5036 ἰή]
1503 4897 1885 5003 Jurnmdsm.
1936 4897 2103 4962 Goth.
2145 4921 2196 4963 c.
2243 4920 2341 4985 37.
2372 4900 2469 4989 sq.
2834 4988 2837 4991 Δ
2942 4897 3015 4982 l]
3062 4902 3277 4984 Pru-op.
3316 4905 3393 4965 B:
3420 4900 3607 4971 νῆάς
3637 4904 3694 4969 1.
3714 4944 3719 4948 ·
3739 4922 3795 4987 ς.
3836 4894 4024 4989 Pmsp.
4062 4888 4279 4969 'chrum

1366 4892 1408 5059 ἱ
1474 4968 1504 5057 ]
1549 4974 1735 5059 prosp.
1768 4978 1918 5045 Idae.
1958 4978 2164 5051 Chron.
2858 4900 2921 5069 'I
2936 4980 3038 5065 m]
3078 4985 3299 5071 Procop.
3315 4982 3361 5047 l.
3389 5004 3440 5051 c.
4061 4990 4080 5009 ⁶
4330 4990 4449 5115 R

2125 5250 2152 5327 f
