4702 6338
1430 431 1467 505 3
1487 408 1578 484 16
1858 399 2014 482 Lib.
2065 409 2184 482 IV.
2245 409 2418 524 Cap.
2475 369 2530 480 Ῐ.
2588 403 2708 480 De
2728 399 3347 506 jurisprudentia
3379 391 3761 497 noviffi'ma

1330 551 1429 629 cit
1481 609 1506 647 ,
1559 570 1638 629 ut
1716 575 1803 627 ea.
1854 576 1973 652 per
2004 547 2236 652 stgbas
2285 572 2503 653 atque
2552 576 2758 630 notas
2828 554 3023 633 scribi
3090 576 3360 634 vetaret
3427 553 3577 653 [z]
3610 612 3636 651 ,
3709 552 3779 628 &
3833 549 4301 628 Commenta-

1332 654 1469 730 rios
1553 653 1626 731 in
1693 651 1984 751 Digesta
2044 651 2192 729 fieri
2258 654 2462 755 plane
2515 655 2908 757 prohiberet
2979 655 3180 756 [a]·,
3307 655 3574 734 ermiffa
3627 674 3907 731 tantum
3970 652 4297 751 interpre-

1333 754 1622 832 tationis
1674 753 1987 830 Graecae
2044 752 2239 828 και-τοὶ
2287 754 2521 851 πέδοι,
2551 757 2624 834 8<
2651 756 3180 847 Paratitlorum
3263 758 3566 835 acultate
3608 757 3635 854 [
3660 754 3748 850 b]
3781 782 3812 832 ε-
3858 751 4303 853 praescripfit-

1337 880 1476 958 que
1529 854 1818 935 modum
1871 852 2260 956 explicandi
2311 854 2744 961 docendique
2785 860 3020 958 juris,
3072 858 3517 962 inprimisque
3570 853 4079 934 Pandefflarum
4136 850 4300 952 [c].

2620 1039 2690 1142 ς.
2791 1042 3024 1120 v111..

1444 1220 1736 1321 Digesta
1803 1215 1892 1297 ab
1956 1220 2440 1323 interpretibus
2494 1223 2792 1301 barbaris
2843 1215 3246 1301 tribuuntur
3301 1213 3372 1300 in
3426 1239 3649 1323 partes
3702 1238 3836 1296 tres
3852 1187 3888 1319 ,‘
3925 1207 4303 1314 Digeslum

1346 1331 1560 1399 Vetus
1608 1320 1758 1423 [ά]
1789 1381 1814 1418 ,
1848 1321 2317 1420 Infortiatum
2369 1325 2504 1423 [e]
2542 1384 2566 1423 ‚
2619 1325 2690 1402 8<
2747 1335 3040 1402 Novum
3093 1322 3240 1425 [f]
3283 1344 3542 1403 vocant
3584 1349 3602 1401 :
3675 1345 3847 1398 cum
3888 1318 4307 1420 Justinianus

1337 1423 1483 1537 ipse
1535 1425 1610 1502 in
1662 1422 1923 1526 septem
1975 1445 2203 1525 partes
2248 1425 2689 1627 tribuiffet.§
2816 1527 2921 1604 IX

1451 1708 1830 1791 Pandefflas
1876 1766 1903 1806 ,
1953 1709 2075 1810 qui
2131 1701 2337 1787 hodie
2389 1709 2603 1789 latine
2656 1730 2899 1788 extent
2929 1763 2971 1807 ,-
3024 1736 3169 1788 non
3220 1709 3353 1787 effe
3404 1701 3476 1785 id
3549 1699 3951 1808 exemplum
3990 1761 4018 1801 ,
4068 1694 4310 1820 quod,

1357 1815 1641 1893 aufflore
1691 1811 2130 1911 Justinian0‚
2177 1810 2574 1890 confefflum
2629 1812 2753 1909 sit,
2804 1811 2925 1888 sed
2965 1810 3606 1912 interpretationem
3667 1810 3971 1909 aliquam
4024 1805 4310 1882 latinam

1354 1936 1701 2009 veterem,
1754 1937 1838 1988 ex
1894 1911 2164 1988 Graeca
2215 1913 2800 2011 Justinianeorum
2855 1913 3305 2012 Digestorum
3344 1911 3911 2012 interpretatione
3932 1965 3957 2004 ,
4021 1902 4313 2019 facqatn,

1355 2016 1708 2092 existimat
1791 2013 1903 2111 Jo.
1976 2013 2240 2112 Jensius
2300 2013 2516 2111 [g]:
2596 2015 3015 2113 argumentis
3060 2014 3369 2115 ,quidem
3442 2013 3560 2090 ille
3631 2037 3774 2088 non
3847 2006 4311 2109 improbabili-

1353 2118 1479 2296 bHs
1499 2115 1708 2318 {hsjed
1760 2135 1995 2193 tamen
2065 2140 2208 2192 non
2263 2113 2421 2193 satis
2473 2116 2741 2194 idoneis
2798 2114 2887 2192 ad
2934 2113 3375 2195 efficiendum
3428 2113 3601 2193 illud
3645 2170 3670 2210 ‚
3738 2109 3932 2214 quod
3981 2106 4313 2208 adgressus

1347 2243 1387 2296 e
1675 2271 1704 2292 .
3205 2291 3208 2294 ,

1344 2321 1350 2328 ’
2708 2316 2779 2418 §.
2877 2315 2982 2395 X.-

1453 2503 1734 2577 Graeca·
1778 2498 1850 2576 in
1906 2495 2210 2598 Digestis
2261 2500 2427 2577 loca·
2472 2499 2726 2598 latine,
2778 2519 2857 2594 ut
2912 2499 2986 2576 i‘n
3040 2501 3439 2601 vulgaribus
3490 2485 3917 2577 editionibus
3958 2492 4309 2590 sunt,non

1349 2600 1693 2699 ‘Bulgarus
1734 2658 1759 2697 ,
1859 2601 2400 2679 uemadmodum
2518 2622 2670 2679 utat
2722 2602 3151 2700 Augustinus
3204 2602 3332 2701 [i]
3373 2660 3398 2699 ,
3481 2599 3592 2679 sed
3647 2596 4048 2698 Burgundio
4100 2592 4247 2694 [k]
4281 2652 4307 2691 ‚

1350 2701 1664 2804 inprimis
1713 2701 1761 2780 d
1884 2727 1961 2779 us
2013 2725 2413 2803 graecarum
2494 2704 2855 2782 itterarum
2906 2703 3183 2780 habitus
3219 2762 3245 2800 ‚
3295 2702 3685 2782 convertit:
3737 2698 4061 2803 quamvis
4112 2696 4311 2812 istam

1353 2849 1356 2858 .
4116 2824 4220 2876 ln.

1350 3054 1472 3146 [κ]
1515 3059 1573 3136 §.
1614 3057 1673 3123 8.
1721 3059 1900 3138 Consi.
1938 3060 2203 3140 Omnem
2221 3095 2249 3120 .-
2294 3059 2358 3123 δι
2390 3051 2475 3122 1..
2517 3080 2572 3123 2.
2611 3057 2668 3137 §.
2706 3081 2833 3138 zzq
2933 3075 3125 3143 atque·
3151 3060 3317 3139 vim,
3371 3051 3559 3125 valde*
3598 3058 3841 3122 dubiam
3891 3056 4104 3132 hodie,
4149 3055 4319 3120 varie

1430 3145 1504 3201 C.
1542 3139 1688 3204 deV.
1726 3142 1776 3206 Ι.
1815 3143 1886 3205 Ε.
1932 3142 2094 3205 Nam
2139 3162 2208 3208 et
2275 3141 2444 3220 siglis·
2498 3141 2801 3226 notisque,
2936 3141 3239 3223 explicant
3260 3178 3289 3203 .-
3319 3165 3378 3206 v.
3424 3139 3611 3218 Coras}
3649 3139 3811 3222 Epist.
3854 3138 4095 3223 Quadi.-
4127 3159 4177 3199 c.
4214 3157 4304 3198 22.

1435 3219 1651 3302 quibus
1710 3222 2137 3301 leges·'veteres
2171 3238 2353 3305 atque
2408 3222 2695 3285 ICtorum
2736 3225 2806 3285 li·
2935 3222 3136 3284 Bernh.
3194 3222 3471 3285 Walther.
3520 3222 3912 3300 Mifiellffur.
3951 3212 4046 3282 II.
4083 3241 4143 3297 4.
4168 3225 4309 3282 Can-

1432 3298 1522 3361 bri
1573 3298 1777 3384 scripti
1835 3321 2005 3365 erant
2032 3348 2051 3379 ,
2115 3303 2339 3365 multae
2385 3304 2807 3392 ambiguitates
2972 3305 3056 3362 ius
3084 3304 3314 3379 Gloffar.
3362 3304 3502 3363 med.
3544 3305 3730 3363 Latin.
3789 3323 3922 3364 voc.
3980 3299 4234 3376 sortiare.

1433 3380 1793 3444 extiterant.
1856 3383 1948 3445 De
1981 3382 2137 3461 siglis
2183 3402 2251 3442 ac
2289 3382 2457 3444 'notis
2502 3391 2577 3444 et.
2607 3383 2821 3460 Cuiam·
2860 3383 2883 3463 [
2949 3386 2989 3460 5
3020 3384 3079 3443 id
3114 3385 3371 3467 reliquos
3402 3384 3584 3466 usque
3622 3385 3694 3446 ad
3736 3382 3918 3446 finem
3965 3382 4312 3462 comple&-

1430 3458 1568 3538 Obs.
1631 3463 1781 3523 XII.
1814 3483 1916 3539 40.
1960 3465 2179 3523 Fomer.
2238 3466 2369 3523 Rer.
2432 3465 2665 3544 Quotid.
2720 3465 2807 3525 11.
2939 3481 3078 3526 tur.

1367 3616 1378 3624 ·
1480 3541 1575 3604 .&
1597 3542 1871 3626 inprimis
1907 3547 1989 3604 H.
2023 3548 2380 3603 Brencmann.
2412 3543 2553 3621 Hm.
2625 3546 2808 3605 Pand.
2861 3540 2978 3625 [g]
3007 3549 3055 3619 J
3059 3567 3105 3606 o.
3128 3545 3343 3622 Jenfius
3388 3545 3761 3621 in'StriHuris
3790 3546 3862 3606 ad
3885 3545 4046 3625 Juris
4084 3544 4311 3605 Romani

1301 3644 1308 3655 -
1432 3560 1525 3682 i1.
1600 3666 1616 3683 .
1666 3621 1894 3700 Briflbn.
1934 3624 2044 3685 Sel.
2086 3624 2222 3683 Ant.
2270 3614 2388 3686 IV.
2438 3643 2534 3703 31.
2568 3624 2807 3689 Noordk.
2942 3625 3292 3704 Pandeaas,
3354 3648 3423 3689 ac
3486 3628 3747 3689 maxime
3812 3627 3875 3687 in
3954 3623 4309 3708 praefatione

1433 3698 1526 3761 oh
1561 3745 1576 3762 .
1617 3724 1664 3763 c.
1724 3724 1777 3763 1.
2940 3705 2994 3766 ei
3030 3707 3182 3768 libro
3214 3708 3523 3789 praemissa
3552 3750 3568 3768 .

1353 3778 1473 3863 [a]
1516 3782 1573 3858 §.
1623 3802 1681 3861 7.
1740 3782 1916 3862 Confi.
1972 3784 2103 3848 Deo
2147 3784 2416 3863 afflicte,
2481 3784 2544 3848 δι
2587 3786 2646 3863 §.
2715 3806 2811 3850 21.
2862 3782 2984 3867 [h]
3031 3789 3542 3866 Argumentorum
3601 3782 3839 3849 istorum
3874 3788 4001 3851 vim
4034 3806 4101 3852 ut
4124 3787 4305 3851 diffol-

1438 3862 1616 3939 const.
1655 3864 1895 3927 Tanta.
2762 3872 2783 3881 ‘
2943 3887 3142 3932 vetem
3182 3915 3201 3947 ,
3290 3869 3553 3932 laboravi
3617 3869 3681 3929 in
3768 3867 4261 3950 Ephemeridibus
4288 3913 4303 3942 ,

1350 3937 1475 4025 [b]
1518 3941 1576 4023 §.
1637 3964 1738 4005 12:
1785 3951 1859 4037 C.
1889 3945 1959 4006 de
2003 3964 2226 4029 concept.
2243 3947 2328 4006 Di
2364 3989 2379 4007 .
2412 3947 2470 4022 §.
2510 3964 2606 4010 21.
2633 3946 2812 4025 Confi.
2941 3958 3095 4091 ssua'e
3166 3950 3484 4013 vernacul'a
3548 3949 3752 4026 lingua
3818 3951 4153 4030 prodeunt,
4224 3951 4309 4009 in-

1437 4021 1683 4086 Tanta.
1725 4027 1892 4102 Quid
1934 4046 2135 4090 autem
2185 4030 2297 4090 fint
2375 4029 2655 4105 aratitla,
2713 4030 2814 4092 do·
2969 4033 3193 4113 criptae
3243 4032 3456 4090 Critica
3484 4028 3737 4089 librorum
3777 4031 3916 4107 juris
3963 4036 4038 4093 T.
4101 4033 4153 4092 1.
4198 4030 4305 4089 Vol.

1371 4180 1376 4185 ι
1433 4120 1572 4164 cent
1595 4108 1697 4183 Jo.
1739 4108 2039 4170 Leunclav.
2073 4109 2136 4169 in
2167 4106 2349 4190 praef.
2424 4108 2493 4168 de
2522 4110 2813 4190 priscorum
2946 4112 3072 4173 III.
3096 4128 3157 4191 p.
3212 4115 3344 4191 163.
3366 4110 3492 4191 sqq.
3533 4131 3686 4192 quae
3727 4108 3977 4174 conferri
4052 4110 4306 4194 possunt.

1423 4184 1802 4263 paratitlorum
1844 4187 1983 4266 uste,
2033 4188 2338 4270 praemissa
2375 4187 2543 4249 trihus
2578 4191 2815 4270 antiquis
2943 4194 3189 4255 Summa
3211 4193 3367 4253 enirn
3434 4210 3918 4268 argumentorum
3970 4193 4085 4255 huc
4142 4192 4306 4253 redit.

1425 4266 1807 4343 paratitlorum
1843 4268 1996 4329 libris
2049 4268 2324 4331 Francos.
2367 4289 2541 4349 1593.
2581 4276 2723 4350 Jan.
2779 4295 2816 4332 a
2945 4274 3008 4333 in
3048 4273 3338 4334 Pandefie
3376 4272 3609 4350 vulgari
3656 4273 3847 4333 multa
3903 4275 4013 4336 esse
4069 4272 4310 4350 vestigia

1429 4342 1589 4421 Costa
1633 4346 1819 4427 praef.
1862 4350 1938 4411 ad
1986 4352 2300 4410 Summaria
2345 4351 2405 4410 in
2448 4352 2809 4412 Decretale‘um
2941 4354 3308 4416 Graecarum
3373 4351 3795 4429 formularum,
3852 4354 3929 4416 ab
3994 4356 4307 4434 interprete

1432 4426 1545 4483 Gre
1579 4430 1680 4489 orii
1717 4429 1827 4491 IX.
1871 4434 2109 4512 Menag.
2157 4436 2385 4493 Amoen.
2427 4434 2543 4494 Iur.
2590 4435 2731 4494 Civ.
2762 4456 2808 4495 c.
2944 4455 3063 4495 non
3127 4433 3279 4495 re61e
3349 4434 3785 4494 intellef’tarum
3838 4457 3851 4496 ε
3911 4436 4070 4518 quod
4133 4452 4305 4526 quam

1435 4506 1493 4564 X
1561 4549 1576 4565 ·
3026 4536 3152 4576 rum
3196 4513 3433 4576 firmum
3466 4515 3578 4591 fit,
3622 4533 3740 4575 non
3783 4515 4106 4578 difficulter
4144 4514 4307 4576 intel-

1396 4580 1475 4743 ἡ
1508 4588 1685 4682 Consi.
1708 4594 1965 4683 ‘anem
1996 4592 2141 4675 reip.
2182 4593 2240 4670 §.
2273 4610 2328 4653 2.
2355 4592 2488 4674 sqq.
2913 4535 3154 4683 'iiagitur
3176 4639 3193 4658 .

1396 4665 1441 4724 d
1519 4668 1594 4729 ab
1638 4689 1816 4734 mitio
1858 4672 2040 4755 usque
2068 4674 2140 4735 ad
2196 4672 2354 4737 Libr.
2426 4674 2661 4736 XXIV.
2716 4676 2807 4737 tit.
2860 4671 2965 4754 [e]
3009 4680 3085 4737 A.
3130 4676 3414 4758 augustin.
3452 4678 3584 4739 libr.
3622 4675 3765 4756 (ing.
3812 4677 3889 4739 ad
3949 4674 4307 4755 Modestia&

1429 4764 1499 4806 a.
1542 4750 1610 4808 de
1649 4752 1855 4814 divort.
1894 4776 1961 4814 ac
2003 4754 2184 4835 repud.
2937 4757 3137 4835 Excufi
3186 4775 3245 4838 p.
3296 4779 3431 4835 279.

1354 4819 1474 4906 [e]
1519 4827 1589 4892 Id
1634 4852 1670 4891 a
1710 4832 1941 4896 XXIV.
1987 4855 2043 4914 3.
2084 4834 2159 4896 us
2195 4855 2265 4898 ue
2319 4834 2394 4898 ad
2440 4834 2803 4898 XXXVIII.
2857 4831 2979 4917 [k]
3025 4838 3312 4900 Pancimll.
3383 4839 3453 4899 de
3508 4839 3663 4901 Clar.
3720 4842 3852 4920 Leg.
3926 4843 4036 4900 Int.
4092 4837 4181 4897 II.
4227 4856 4319 4916 150

1438 4903 1543 4968 ult.
1593 4913 1887 4992 pertinet.
1928 4900 2224 4982 Vocabui
2265 4932 2469 4982 autem
2510 4916 2804 4980 rationem
2938 4922 3173 5002 Menag.
3222 4924 3449 4982 Amoen.
3476 4924 3527 5000 J
3529 4943 3621 4985 ur.
3657 4922 3798 4984 Civ.
3836 4944 3886 4984 c.
3947 4919 4240 4982 XXXIII.
