4702 6338
1474 487 1628 560 324
1795 413 1798 416 A
1953 451 2107 533 Lib.
2145 457 2261 532 IV.
2306 457 2481 550 Cap.
2531 455 2587 525 I.
2631 446 2743 524 De
2767 437 3387 544 jurisprudentia
3426 434 3805 533 nov'iffimu

1384 612 1644 690 scilicet
1698 604 2031 709 gloriolae
2081 599 2484 699 choragium
2539 596 2659 675 fibi
2703 597 2885 700 apud
2928 595 3094 676 rude
3144 597 3217 673 8<
3264 594 3666 698 imperitum
3704 592 3955 693 vulgus
3990 588 4334 697 paraturi.

2610 777 2675 879 a
2781 779 3112 857 xxvn.

1495 977 1811 1054 Primum
1870 965 2084 1067 igitur
2130 962 2381 1064 injuria
2436 954 3026 1064 reprehenduntur
3068 953 3234 1038 haec
3264 985 3311 1057 ς
3340 951 3641 1061 primum
3668 1016 3695 1054 ‚
3747 951 3945 1059 quod
3995 949 4345 1037 ICtorum

1393 1078 1614 1155 'libera
1665 1072 2015 1175 republica
2065 1064 2712 1145 florentium·libris
2763 1066 2857 1143 ufi
2909 1090 3048 1140 non
3102 1062 3233 1140 sint
3279 1091 3299 1141 ε
3351 1060 3541 1162 quod
3599 1085 3739 1136 non
3772 1060 3991 1136 alium
4030 1060 4343 1136 ordinem

1395 1178 1666 1256 secuti:
1719 1173 1908 1275 quod
1959 1167 2505 1271 superstitionem
2560 1190 2899 1266 paganam
2960 1190 3102 1242 non
3155 1163 3309 1240 satis
3365 1161 3732 1262 caverint3
3781 1162 3970 1260 quod
4028 1182 4345 1237 veterum

1367 1280 1751 1357 'ICtorum
1804 1274 1875 1351 8<
1937 1274 2447 1372 Imperatorum
2503 1268 2894 1344 orationem
2949 1288 3161 1366 atque
3217 1265 3390 1366 adeo
3428 1261 3837 1338 sententiam
3875 1255 4215 1339 mutando
4243 1254 4343 1338 vi-

1374 1379 1720 1457 'tiaverint
1749 1434 1775 1474 ,
1827 1370 2406 1475 repetitionesque
2455 1367 2577 1444 vel
2617 1368 3117 1467 geminationes
3182 1366 3507 1482 plurimas
3567 1362 3959 1439 admiserint
4000 1390 4038 1463 3.
4076 1361 4149 1438 8<
4214 1362 4346 1438 alia

1383 1481 1586 1579 hujus
1652 1477 1961 1578 generis:
2016 1498 2196 1574 quae
2248 1470 2364 1547 vel
2420 1495 2506 1546 ex
2562 1469 2895 1549 mandato
2951 1468 3374 1571 Justiniani‚
3424 1464 3819 1566 judicioque
3887 1462 4079 1541 facta.
4137 1460 4348 1560 sunt,

1383 1583 1498 1662 vel
1554 1603 1801 1683 parum
1861 1573 2298 1654 incommodi·
2356 1569 2674 1649 adferunt
2725 1571 2862 1672 [c]
2889 1629 2909 1648 .

2607 1751 2674 1854 §2
2777 1747 3142 1832 xxviii.

1507 1950 1664 2046 Jam
1740 1968 1912 2021 vero
1946 1995 1973 2038 ‚
2091 1937 2360 2016 uamvis
2441 1962 2585 2015 non
2675 1936 3031 2014 immerito
3099 1933 3518 2034 negligentia
3578 1929 4114 2009 architeelorum
4147 1989 4173 2027 ,
4251 1928 4353 2030 jus

1385 2054 1521 2150 jam
1548 2047 1993 2146 antiquatum
2031 1967 2124 2118 ἓ(
2171 2042 2585 2137 abrogatum
2627 2095 2654 2133 ‚
2704 2039 3073 2115 oblivione
3107 2094 3132 2132 ‚
3183 2038 3256 2113 in
3315 2035 3524 2112 libros
3575 2035 3736 2132 juris
3798 2032 4208 2131 Justinianei
4252 2057 4355 2109 re-

1390 2150 1760 2229 ferentium
1791 2205 1819 2243 ,
1872 2143 2252 2244 οἰντινομίας
2299 2139 2463 2238 [d]
2505 2140 2875 2241 legumque
2925 2139 3351 2215 contrarium
3408 2161 3666 2237 pugnas
3736 2160 3881 2211 non
3932 2132 4091 2211 satis
4132 2134 4353 2210 vitan-

1390 2253 1574 2330 tium
1609 2308 1634 2346 ,
1684 2247 1757 2326 8<
1801 2246 2067 2324 incuria
2116 2243 2296 2342 leges
2343 2240 2416 2318 8<
2466 2242 2696 2341 capita
2756 2266 2899 2317 non
2960 2240 3083 2316 suo
3127 2239 3289 2315 loco
3331 2237 3742 2340 ponentium
3776 2234 3970 2338 [6]»,
3995 2234 4349 2336 nimiaque

1392 2377 1636 2432 eorum
1691 2341 2044 2427 festinatio
2079 2403 2104 2441 ,
2155 2341 2575 2420 accusetur:
2626 2363 2862 2418 tamen
2924 2341 2996 2417 8<
3053 2339 3442 2437 hujusmodi
3488 2351 3710 2416 errata
3769 2336 4094 2438 pauciora
4145 2334 4300 2412 sunt
4331 2392 4357 2432 ,

1393 2455 1466 2530 8<
1520 2451 1973 2530 humanitatis
2027 2445 2225 2522 cau-sa
2267 2503 2292 2541 ,
2344 2442 2754 2543 negociique
2806 2441 3289 2542 magnitudine·
3360 2438 3877 2516 excusationem
3939 2459 4292 2515 merentur
4334 2462 4355 2513 ε

1392 2580 1620 2654 neque
1669 2576 1826 2627 eam
1872 2550 2130 2628 debent
2183 2545 2335 2624 vim·
2390 2544 2638 2623 habere
2679 2601 2709 2641 ,
2759 2561 2837 2621 ut
2886 2543 3235 2645 praeclaro
3297 2541 3491 2642 operi
3545 2539 3772 2618 [audis
3821 2535 4101 2617 decedat
4154 2536 4355 2641 quid-

1391 2679 1606 2776 quam
1643 2648 1822 2752 [fl.
1911 2765 1918 2774 ·
2645 2742 2713 2846 ς.
2817 2742 3099 2823 xx1x.

1491 2937 1649 3017 Diu
1705 2933 1997 3040 quidem
2048 2928 2418 3033 Iustiniani
2465 2927 2794 3008 institutis
2845 2952 2928 3005 ac
2982 2925 3244 3028 legibus
3287 2924 3701 3022 immorati,
3752 2923 3865 3003 sed
3915 2923 4232 3004 nondum
4290 2949 4356 3002 e-

1391 3041 1606 3119 menfi
1653 3037 1887 3117 sumus
1934 3057 2170 3113 totum
2225 3035 2409 3112 iter.
2461 3032 2741 3108 Italiam
2795 3027 3147 3132 sequimur
3193 3026 3576 3128 fugientem
3603 3085 3623 3104 .
3677 3027 3811 3105 Sed
3847 3050 4083 3105 tamen
4121 3026 4239 3104 ubi
4274 3025 4356 3103 de

1395 3139 1759 3245 Iustiniani
1817 3134 2467 3219 Constitutionibus
2516 3133 2755 3211 ceteris
2785 3189 2811 3229 ,
2862 3157 3043 3234 quae
3069 3150 3267 3209 extra
3300 3130 3774 3208 Novellarum
3812 3129 4070 3207 librum
4102 3153 4355 3230 vagan-

1389 3264 1509 3323 tur
1536 3303 1562 3340 ,
1616 3266 1834 3347 pauca
1884 3238 2226 3343 quaedam
2285 3237 2417 3312 atti
2467 3235 2717 3312 erimus
2747 3292 2773 3329 ,
2824 3232 3176 3311 absolutus
3238 3232 3369 3310 erit
3444 3252 3635 3310 totus
3701 3228 3812 3308 hic
3882 3232 4078 3309 Iocus
4118 3290 4137 3308 .
4208 3230 4347 3307 Pri-

1390 3371 1589 3423 mum
1638 3344 1836 3421 nobis
1894 3338 2342 3417 memoranda
2430 3356 2553 3412 unt
2606 3343 2786 3411 XIII.
2856 3333 3122 3412 Edicza
3187 3333 3552 3434 Iustiniani
3586 3393 3611 3431 ,
3676 3358 3854 3436 quae
3924 3332 4161 3411 nostro
4221 3329 4353 3409 fori

1393 3446 1518 3524 usu
1558 3445 1827 3523 nullam
1879 3442 2029 3518 vim
2088 3440 2404 3545 habent,
2452 3436 2525 3512 8(
2573 3437 2957 3512 maximam
3008 3456 3280 3537 partem
3339 3436 3427 3513 ad
3480 3456 3667 3512 certa
3722 3455 4005 3512 tantum
4059 3433 4217 3512 loca
4277 3430 4351 3509 8<

1443 3546 1783 3625 rovincias
1838 3541 2146 3646 spee’tant
2191 3537 2336 3638 [g]
2374 3594 2394 3615 .
2446 3538 2714 3614 Graece
2764 3537 3023 3636 primus
3070 3537 3285 3614 edidit
3322 3595 3347 3633 ,
3398 3558 3562 3614 cum
3619 3536 3949 3614 Novellis
3983 3534 4359 3636 Justiniani

1521 3648 1777 3726 Leonis
1812 3704 1837 3741 ,
1890 3643 2110 3720 Henr.
2161 3640 2585 3739 Scrimgerus
2643 3636 2772 3739 [h]
2815 3665 2836 3716 ε
2887 3638 3140 3715 Latine
3194 3638 3407 3715 vertit
3463 3660 3626 3715 cum
3699 3638 3957 3715 Leonis
4032 3636 4363 3715 constitu·-

1394 3751 1702 3827 tionibus
1770 3747 1990 3867 Henr.
2046 3742 2401 3853 Agylaeus
2440 3739 2573 3841 [i]
2608 3796 2630 3818 .
2679 3740 2949 3819 Graece
3021 3739 3094 3816 8<
3178 3740 3432 3818 Latine
3504 3739 3579 3817 in
3654 3737 4064 3842 quibusdam
4128 3737 4356 3918 pgiucis

1939 3888 1940 3891 t
4121 3865 4161 3917 e
4230 3883 4261 3901 .

1389 4154 1508 4241 {e}
1548 4157 1836 4240 Pleraque
1887 4153 2031 4217 haec
2100 4148 2356 4215 crimina
2399 4147 2578 4212 diluit
2675 4155 2857 4232 atque
2982 4147 3100 4210 Vol.
3124 4147 3276 4211 XII.
3312 4165 3373 4229 p.
3421 4167 3556 4230 359.
3591 4146 3913 4229 Brunquell.
3956 4146 4099 4225 Hest.
4131 4146 4369 4226 Jur.11.

1475 4239 1737 4302 diffolvit
1779 4237 1899 4297 Ulr.
1940 4231 2145 4295 Huber.
2191 4233 2256 4295 in
2297 4232 2565 4292 Eunomia
2604 4235 2858 4292 Romana
2992 4250 3083 4307 14.
3150 4227 3225 4291 cf.
3268 4232 3454 4292 Simon
3521 4253 3638 4291 van
3679 4232 3913 4290 Leuwen
3950 4253 3975 4300 ;
4039 4229 4108 4288 dd
4148 4231 4370 4308 origine,

1488 4319 1867 4381 Amsterdam
1916 4334 2089 4394 1724.
2132 4335 2194 4392 4.
2975 4329 3074 4393 pm
3157 4307 3238 4387 ffie
3283 4356 3303 4387 ,
3366 4311 3465 4391 ufic
3507 4312 3587 4374 <9¹
3639 4309 3954 4371 aufioritate
3992 4310 4132 4387 iuris
4188 4306 4374 4369 civilis

1397 4397 1520 4483 [A]
1541 4434 1544 4439 -
1564 4400 1728 4462 Nam
1771 4411 2062 4474 marmiae
2094 4394 2348 4488 quidem·
2380 4394 2683 4487 pauciores
2725 4392 2855 4485 effe,
2985 4332 3160 4469 hilf-Z
3176 4395 3407 4453 narratio
3425 4394 3485 4455 in
3505 4395 3810 4473 Fragment.
3828 4409 3942 4453 vet.
3974 4394 4374 4469 ICtor.p.711.

1475 4501 1660 4573 quam
1703 4479 2009 4573 ferantur,
2055 4481 2246 4540 sciunt
2289 4473 2355 4537 hx
2390 4519 2410 4550 ,
2453 4495 2556 4566 qui
2602 4491 2707 4552 aut
2752 4474 2857 4566 ipsi
2909 4469 3030 4557 [g]
3113 4473 3340 4567 Eorum
3411 4475 3618 4557 aliqua
3680 4472 3745 4534 in
3806 4472 4204 4535 Novellarum
4272 4491 4372 4531 nu-

1476 4579 1856 4644 mterpretari
1899 4577 2116 4624 norunt
2148 4603 2167 4636 ,
2215 4569 2317 4618 aut
2360 4573 2725 4637 optimorum
2772 4575 2859 4616 m-
2990 4573 3157 4618 mero
3203 4571 3389 4617 etiam
3443 4577 3504 4617 re
3548 4556 3817 4617 eriuntur
3847 4599 3865 4628 ,
3926 4553 4213 4614 nimirum
4264 4551 4373 4632 pri-

1475 4650 1745 4783 terlprettt
1773 4643 1952 4737 libros
1980 4653 2478 4732 cognoverunt,ac
2497 4638 2858 4700 traflarunt.
2990 4658 3140 4729 rme-m
3164 4681 3183 4715 ,
3244 4637 3403 4718 quod
3519 4635 3751 4699 ovellae
3792 4634 3984 4694 VIII.
4032 4631 4372 4695 subiicitur:

1396 4719 1508 4886 {a
1552 4721 2364 4887 Εὲὃίξῗοζξιέιέξὲοῗίξιὶῗὲξ
2392 4761 2745 4885 'praecipuas
2779 4820 2864 4862 re-
2991 4737 3259 4861 giga?
3296 4714 4192 4859 {gnufflossgsseffaxgxsffiffi‚
4210 4714 4374 4775 Νῦν.

1481 4881 1717 4946 censent
1761 4887 1815 4947 Ι.
1861 4881 2171 4961 Gothosred.
2219 4881 2481 4943 Manuat.
2512 4888 2644 4961 jur.
2683 4899 2742 4962 p.
2785 4903 2864 4941 m.
2954 4876 2993 4938 h
3079 4880 3258 4957 Pares.
3330 4880 3504 4958 1558.
3535 4876 3641 4954 fhl.
3690 4894 3779 4958 ap.
3822 4880 3902 4937 H.
3935 4878 3995 4936 5:
4057 4872 4123 4939 h.

1487 4962 1586 5024 62.
1627 4963 1693 5029 &
1733 4969 1835 5046 Jo.
1874 4963 2012 5032 Alb.
2054 4963 2271 5032 fabric.
2326 4958 2606 5033 Biblioth.
2676 4967 2867 5027 Graec.
2956 4962 2982 5022 i
3063 4960 3255 5042 Paris}
3292 4962 3467 5042 1560.
3506 4959 3566 5023 8.
3613 4974 3706 5042 ap.
3743 4960 3828 5023 H.
3869 4959 3996 5041 step
4036 4998 4057 5019 .
