4702 6338
1431 458 1581 555 298
1664 551 1675 558 .
2029 447 2186 531 Lib.
2206 457 2329 531 m.
2360 456 2531 550 Cap.
2561 454 2680 526 IV.
2710 453 2829 527 De'
2816 456 2891 554 J
2892 443 3430 550 urisprudentt‘a
3449 471 3643 526 nova

2703 627 2771 730 ᾧ.
2832 712 2839 722 ,
2878 628 2971 706 Χ.

1434 817 1714 892 Praeter
1782 813 1937 891 istas
1997 811 2345 890 Novellas
2398 811 2664 890 multae
2718 809 3117 914 prodierunt
3170 805 3732 891 Constitutiones
3783 836 3947 888 cum
4000 802 4301 913 ipsorum

1328 917 1612 996 illorum
1664 918 2178 1016 Imperatorum
2234 935 2389 990 tum
2456 940 2727 990 monus
2760 972 2793 1029 ,
2828 939 3207 1014 ,zenonis
3242 973 3267 1007 ,
3322 911 3671 1006 Isaurici,
3735 933 4147 989 ANAsrAsn
4231 914 4298 992 8<

1331 1043 1637 1108 jusum
1692 1012 2035 1111 Majoris,
2085 1041 2172 1093 ex
2237 1035 2429 1116 parte
2485 1016 2559 1091 in·
2606 1014 2955 1092 Codicem
3008 1017 3471 1114 Justinianum
3528 1013 3767 1114 postea>
3800 1012 4069 1090 issatae.
4123 1015 4305 1113 Qui-

1333 1119 1460 1196 bus
1510 1121 1616 1218 jus
1663 1117 1871 1194 civile
1902 1175 1927 1213 ,
1974 1115 2308 1210 sublatiS,
2365 1138 2487 1193 aut
2537 1117 2824 1194 mutatis
2885 1118 3143 1194 veteris·
3185 1117 3355 1214 juris
3393 1115 3789 1216 capitibus»,
3849 1117 4035 1191 varie
4084 1141 4301 1193 corre-

1329 1219 1530 1297 &um
1591 1218 1687 1295 est
1736 1275 1759 1295 .
1840 1220 2040 1296 Nam
2088 1218 2344 1295 Leonis
2397 1217 2683 1320 quidem
2751 1217 2878 1294 hae
2930 1217 3497 1296 Constitutiones
3547 1216 3702 1294 sunt
3745 1273 3770 1311 ,
3841 1217 4144 1315 primum
4219 1243 4299 1294 ne

1331 1321 1421 1399 ad
1485 1340 1889 1419 togatorum
1953 1318 2379 1397 consortium
2414 1377 2439 1415 ,
2506 1318 2571 1395 h.
2631 1345 2691 1396 e.
2749 1319 3283 1397 Advocatorum
3312 1378 3337 1414 ,
3415 1318 3897 1395 admitteretur
3925 1375 3951 1414 ,
4003 1316 4123 1394 nisi
4174 1319 4297 1418 ¹qui

1327 1421 1544 1502 fidem
1628 1421 2084 1499 Catholicam
2159 1418 2552 1521 sequeretur
2612 1422 2710 1519 [n
2737 1418 2810 1517 ]:
2864 1420 3108 1498 deinde
3145 1478 3170 1515 ,
3237 1446 3323 1496 ne
3377 1419 3519 1496 ulla
3571 1416 3896 1519 persona,
3947 1418 4088 1496 five
4141 1418 4299 1494 libe-

1329 1547 1409 1600 ra
1442 1582 1467 1619 ,
1535 1521 1674 1600 five
1733 1520 1924 1598 serva
1955 1580 1983 1620 ,
2042 1521 2563 1623 prostitueretur
2616 1520 2785 1620 [o].
2851 1522 3157 1598 Zenonis
3209 1544 3449 1597 autem
3500 1519 3621 1595 illa
3684 1519 4151 1595 memorabilis
4198 1519 4292 1596 est

1328 1622 1774 1702 Constitutio
1838 1681 1863 1719 ,
1940 1648 2080 1723 qua
2130 1621 2443 1700 sublatae*
2490 1622 2643 1701 sunt
2700 1648 2962 1724 poenae
3016 1624 3175 1724 pius.
3222 1621 3611 1722 petentium
3680 1618 3884 1718 [p]:
3952 1620 4286 1698 Anastafii

1331 1723 1500 1802 haec
1541 1783 1567 1822 ,
1615 1748 1758 1825 qua
1789 1781 1814 1819 ,
1873 1722 2137 1801 sublata
2183 1722 2478 1801 solennis
2533 1725 3104 1826 emancipationis
3159 1721 3552 1799 necestitate
3587 1779 3613 1816 ,
3682 1720 4050 1822 Rescripto
4114 1723 4287 1821 prin-

1329 1826 1499 1925 cipis
1561 1825 2190 1926 emancipationem
2266 1824 2414 1901 fieri
2595 1825 2776 1901 misit
2808 1822 2981 1923 ‘[q]
3013 1881 3032 1901 .
3088 1824 3334 1923 Justini
3407 1822 3704 1923 denique
3739 1880 3768 1917 ,
3843 1823 4024 1901 inter
4074 1823 4290 1916 alias,

1330 1924 1500 2103 hgec
1562 1926 1674 2041 vel
1733 1925 2052 2126 ipptjimis
2092 1925 2379 2002 celebris
2424 1849 2611 2024 esser,
2681 1951 2825 2027 qua
2882 1926 2967 2003 de
3019 1927 3437 2004 Senatorum
3484 1925 3742 2027 nuptiis
3793 1924 3975 2026 leges
4033 1947 4292 2001 veteres

1328 2051 1372 2103 a
1423 2046 1692 2126 rogavit
1807 2055 1844 2103 r
1923 2080 1946 2102 .
2661 2125 2706 2228 ᾧ
2833 2127 2942 2205 XI

1430 2311 1590 2409 Jam
1640 2307 1760 2386 etfi
1817 2307 1966 2409 post
2006 2308 2359 2387 Codicem
2400 2306 2974 2387 Theodosianum
3024 2304 3293 2386 multae
3319 2312 3538 2408 Leges
3582 2300 4060 2413 promulgatae
4108 2306 4294 2406 sunt,

1221 2419 1224 2422 ’
1326 2412 1551 2489 veluti
1620 2408 1741 2511 sup
1792 2411 2079 2487 lementi
2132 2408 2389 2490 causa:
2445 2432 2682 2490 tamen
2735 2412 3125 2490 Codicibus
3176 2410 3393 2489 tribus
3442 2412 3881 2509 Gregoriano
3916 2467 3945 2506 ,
3992 2410 4288 2487 Hermo-

1327 2512 1624 2611 geniano
1664 2570 1690 2603 ,
1865 2509 2358 2588 Theodosiano
2411 2513 2786 2590 auctoritas
2840 2506 3085 2588 mansit
3138 2509 3256 2587 sua
3290 2569 3316 2608 ,
3379 2513 3450 2588 in
3500 2512 3803 2588 Oriente
3852 2511 4127 2613 quidem
4188 2537 4293 2587 us-

1383 2639 1468 2689 ue
1526 2613 1612 2688 ad
1664 2612 2169 2710 Justinianum,
2221 2638 2265 2688 a
2319 2638 2470 2714 quo
2505 2669 2531 2706 ,
2593 2612 3036 2714 promulgato
3090 2637 3287 2690 novo
3332 2612 3607 2690 Codice
3637 2671 3663 2708 ,
3714 2612 3848 2688 illis
3900 2613 4114 2688 tribus
4140 2613 4290 2689 Co-

1327 2640 1591 2790 dicibus
1642 2715 1869 2789 omnis
1920 2713 2252 2811 abrogata
2315 2714 2420 2791 vis
2466 2713 2599 2792 est.
2659 2715 2745 2790 ln
2803 2713 3199 2790 Occidente
3254 2735 3532 2809 autem,
3583 2739 3787 2809 cum,
3840 2735 4107 2813 praeter
4160 2715 4294 2790 Ita-

1326 2813 1538 2910 liam,
1587 2814 1660 2891 3<
1713 2810 2076 2910 Africam,
2123 2814 2546 2914 Justinianus
2597 2814 2777 2891 nulli
2827 2816 3231 2914 provinciae
3277 2817 3683 2916 imperaret,
3733 2815 3993 2916 quippe
4043 2839 4093 2890 a
4147 2817 4289 2891 bar-

1327 2915 1503 2992 baris
1553 2915 1870 3016 gentibus
1922 2936 2320 2994 tenerentur
2345 2972 2374 3012 ,
2425 2916 2527 2993 illi
2580 2915 2886 2994 Codices
2910 2972 2936 3012 ,
2985 2940 3075 2993 ex
3126 2938 3322 3020 parte
3371 2917 3678 2994 maxima
3725 2936 3953 3014 certe,
4001 2915 4286 2994 diutiffi-

1329 3041 1444 3095 me
1467 3073 1497 3113 ‚
1546 3017 1760 3094 etiam
1811 3015 1964 3118 post
2013 3015 2482 3118 Justinianum
2513 3074 2541 3114 ,
2592 3036 2963 3096 tenuerunt

2635 3195 2702 3300 ς.
2804 3198 2986 3277 x11.

1372 3387 1382 3395 '
1430 3381 1542 3457 Ac
1608 3379 1931 3485 barbarae
1982 3379 2260 3481 quidem
2315 3400 2551 3481 gentes
2585 3435 2614 3478 ‚
2662 3405 2825 3458 cum
2882 3382 3267 3482 provincias
3319 3381 3587 3485 imperii
3650 3381 3961 3462 Romani
4018 3383 4140 3464 fibi
4193 3383 4289 3464 su-

1325 3480 1675 3559 bieciffent
1708 3479 2073 3597 ,prudenti
2129 3504 2364 3558 tamen
2432 3482 2717 3559 consilio
2776 3479 3075 3562 humane
3128 3486 3399 3587 populis
3445 3510 3487 3560 a
3524 3482 3589 3561 se
3620 3483 3910 3562 subaffis
3954 3485 4155 3565 usum
4196 3491 4293 3586 ju-

1321 3579 1413 3659 ris
1471 3585 1838 3679 Romam,
1901 3582 2313 3683 Legumque
2365 3583 2974 3683 Imperatoriarum
3010 3642 3037 3682 ,
3092 3586 3230 3663 hoc
3279 3586 3421 3680 est,
3484 3585 3843 3663 Codicum
3903 3588 4163 3682 trium,
4196 3613 4293 3665 re-

1321 3682 1736 3783 liquerunt:
1809 3707 1971 3758 cum
2040 3682 2220 3785 ipsae
2289 3683 2594 3784 antiquis
2651 3682 2782 3760 suis
2846 3687 3516 3772 moribus.viverent
3560 3742 3580 3762 .
3661 3689 3859 3764 Nam
3903 3712 4091 3788 reges
4151 3690 4291 3765 bar-

1317 3781 1642 3859 bararum
1707 3784 2022 3882 gentium
2051 3840 2079 3879 ,
2126 3785 2448 3885 quamvis
2504 3786 2893 3884 provincias
2944 3787 3211 3889 imperii
3266 3787 3577 3863 Romani
3631 3788 4113 3890 occupassent,
4153 3812 4290 3865 ma·

1321 3882 1634 3981 jestatem
1703 3904 1940 3960 tamen
2005 3884 2276 3999 imperii
2327 3885 2639 3962 Romani
2706 3889 3001 3965 comiter
3065 3883 3559 3965 conservabant
3636 3887 3763 3986 [s]
3794 3946 3819 3984 ,
3873 3914 4033 3989 prae
4086 3888 4287 3989 seque

1319 3980 1684 4080 ferebant,
1733 3983 1797 4061 se
1848 3982 2159 4085 auspiciis
2215 3988 2726 4086 Imperatorum
2768 3990 3322 4088 regnare.Cum
3376 4013 3543 4064 vero
3595 3987 3835 4065 sensim
3891 3990 4286 4090 paullatim-

1318 4108 1482 4262 ffi
1522 4084 1783 4164 vellent
1834 4086 2147 4163 Romani
2199 4087 2366 4186 juris
2429 4084 2809 4166 sanfiiones
2869 4089 3313 4166 similitudine
3364 4111 3576 4190 atque
3627 4089 4069 4168 consensione
4115 4116 4279 4206 qua-

1535 4211 1698 4263 cum
1753 4188 1986 4288 patriis
2038 4187 2343 4265 moriboe
2408 4210 2621 4288 atque
2670 4189 3275 4268 consuetudinibus
3323 4190 3570 4290 illigari
3624 4212 3834 4292 atque
3886 4192 4224 4270 devinc1ri
4257 4250 4282 4288 ,

1322 4285 1457 4365 hoc
1513 4285 1835 4367 instituto
1888 4287 1986 4366 ufi
2035 4288 2192 4367 sunt
2221 4346 2249 4388 ,
2323 4309 2403 4367 ut
2455 4289 2578 4391 ipsi
2627 4292 2792 4389 juris
2842 4292 3158 4371 Romani
3207 4318 3500 4394 corpora
3550 4290 3688 4369 sive
3736 4293 3970 4395 potius
4026 4295 4284 4371 brevia-

4088 4421 4192 4473 na

1319 4585 1442 4669 [n]
1485 4593 1558 4653 L.
1613 4610 1707 4669 ις.
1745 4598 1818 4654 C.
1861 4591 1932 4653 de·
1969 4591 2209 4675 Epist-op.
2249 4593 2488 4657 audient.
2537 4592 2614 4657 cs.
2664 4598 2773 4657 Ba·
2910 4596 3190 4659 ssinianus
3238 4596 3311 4658 ab
3346 4598 3712 4678 imperatore
3742 4596 4135 4679 impetravit,
4167 4616 4285 4688 quo

1401 4692 1511 4732 ron.
1567 4676 1716 4735 Anu.
1767 4674 1840 4735 ad
1891 4699 1944 4734 a.
1990 4673 2146 4736 Chri
2182 4676 2322 4752 468.
2370 4676 2428 4752 §.
2475 4675 2566 4738 18.
2909 4681 3144 4758 nuptias
3186 4699 3321 4741 cum
3391 4678 3710 4741 Theodora
3758 4680 4010 4740 muliere
4059 4676 4284 4749 scemca

1363 4770 1394 4805 ο
1473 4753 1543 4811 L.
1594 4773 1685 4829 14.
1728 4760 1801 4816 C.
1849 4754 1963 4819 eod.
2906 4758 3254 4822 contrahere
3274 4761 3487 4841 poss'et.
3520 4782 3578 4822 v.
3605 4758 3972 4838 Procop.H1st.
3996 4759 4287 4821 Arc.‘c.6.

1359 4846 1399 4908 p
1485 4830 1543 4904 §.
1595 4852 1691 4911 33.
1740 4834 1865 4911 Inst.
1907 4837 1975 4896 de
2024 4835 2244 4900 Aflion.
2826 4833 2922 4920 [ί]
2979 4861 3037 4904 v.
3068 4841 3365 4903 Ritter.V.
3397 4842 3472 4905 C.
3502 4843 3576 4904 ad
3608 4836 4283 4924 Prolegom.Cod.Thead.

1365 4932 1402 4987 q
1486 4911 1553 4971 L.
1589 4929 1713 4991 pen.
1755 4921 1830 4976 C.
1871 4916 1938 4976 de
1976 4939 2179 4979 emanc.
2223 4916 2322 4979 lib.
2904 4941 2952 4984 c.
3027 4921 3109 4983 V.

1369 5011 1402 5048 ιι
1453 4992 1554 5054 Ἰ..
1604 5011 1702 5075 ²3·
1739 4999 1817 5059 C.
1865 4997 1933 5058 de
1981 5001 2157 5081 Nupt.
2199 5019 2384 5081 quam
2427 4998 2621 5079 legem
2672 4997 2769 5073 Ju-
