<?xml version="1.0" encoding="UTF-8"?>
<!DOCTYPE html PUBLIC "-//W3C//DTD XHTML 1.0 Transitional//EN"
    "http://www.w3.org/TR/xhtml1/DTD/xhtml1-transitional.dtd">
<html xmlns="http://www.w3.org/1999/xhtml" xml:lang="en" lang="en">
 <head>
  <title>
</title>
<meta http-equiv="Content-Type" content="text/html;charset=utf-8" />
  <meta name='ocr-system' content='tesseract 3.04.00' />
  <meta name='ocr-capabilities' content='ocr_page ocr_carea ocr_par ocr_line ocrx_word'/>
</head>
<body>
  <div class='ocr_page' id='page_1' title='image "./joaugustibachii00bachgoog_0011.png"; bbox 0 0 4702 6338; ppageno 0'>
   <div class='ocr_carea' id='block_1_1' title="bbox 389 397 3264 478">
    <p class='ocr_par' dir='ltr' id='par_1_1' title="bbox 389 397 3264 478">
     <span class='ocr_line' id='line_1_1' title="bbox 389 397 3264 478; baseline -0.001 0"><span class='ocrx_word' id='word_1_1' title='bbox 389 404 537 416; x_wconf 45' lang='lat' dir='ltr'><em>‘W‘</em></span> <span class='ocrx_word' id='word_1_2' title='bbox 743 399 769 409; x_wconf 59' lang='lat'><strong>”</strong></span> <span class='ocrx_word' id='word_1_3' title='bbox 1385 397 2336 478; x_wconf 72' lang='lat' dir='ltr'><strong>PRAEFATIO·</strong></span> <span class='ocrx_word' id='word_1_4' title='bbox 3163 399 3264 476; x_wconf 78' lang='lat' dir='ltr'><em>vii</em></span> 
     </span>
    </p>
   </div>
   <div class='ocr_carea' id='block_1_2' title="bbox 285 568 3454 5048">
    <p class='ocr_par' dir='ltr' id='par_1_2' title="bbox 285 568 3454 3652">
     <span class='ocr_line' id='line_1_2' title="bbox 374 568 3351 694; baseline -0.004 -25"><span class='ocrx_word' id='word_1_5' title='bbox 374 580 613 669; x_wconf 80' lang='lat' dir='ltr'><em>tutius</em></span> <span class='ocrx_word' id='word_1_6' title='bbox 646 639 678 688; x_wconf 90' lang='lat'>,</span> <span class='ocrx_word' id='word_1_7' title='bbox 730 605 962 694; x_wconf 82' lang='lat' dir='ltr'><em>atque</em></span> <span class='ocrx_word' id='word_1_8' title='bbox 1014 573 1195 662; x_wconf 85' lang='lat' dir='ltr'><em>adeo</em></span> <span class='ocrx_word' id='word_1_9' title='bbox 1259 572 1527 662; x_wconf 83' lang='lat' dir='ltr'><em>melius</em></span> <span class='ocrx_word' id='word_1_10' title='bbox 1601 576 2044 694; x_wconf 73' lang='lat' dir='ltr'><em>ignorantur</em></span> <span class='ocrx_word' id='word_1_11' title='bbox 2061 604 2100 660; x_wconf 79' lang='grc'><em>.·</em></span> <span class='ocrx_word' id='word_1_12' title='bbox 2160 580 2430 686; x_wconf 81' lang='lat' dir='ltr'><em>Neque</em></span> <span class='ocrx_word' id='word_1_13' title='bbox 2495 568 2703 656; x_wconf 85' lang='lat' dir='ltr'><em>nobis</em></span> <span class='ocrx_word' id='word_1_14' title='bbox 2774 568 3066 656; x_wconf 87' lang='lat' dir='ltr'><em>animus</em></span> <span class='ocrx_word' id='word_1_15' title='bbox 3117 570 3351 689; x_wconf 45' lang='lat' dir='ltr'><em>fuiti</em></span> 
     </span>
     <span class='ocr_line' id='line_1_3' title="bbox 366 689 3347 815; baseline -0.003 -29"><span class='ocrx_word' id='word_1_16' title='bbox 366 706 707 815; x_wconf 81' lang='lat' dir='ltr'><em>jejunam</em></span> <span class='ocrx_word' id='word_1_17' title='bbox 780 699 1121 812; x_wconf 87' lang='lat' dir='ltr'><em>aliquam</em></span> <span class='ocrx_word' id='word_1_18' title='bbox 1177 696 1523 809; x_wconf 87' lang='lat' dir='ltr'><em>historiae</em></span> <span class='ocrx_word' id='word_1_19' title='bbox 1560 697 1981 779; x_wconf 75' lang='lat' dir='ltr'><em>litterariae</em></span> <span class='ocrx_word' id='word_1_20' title='bbox 2008 754 2039 801; x_wconf 87' lang='lat'>,</span> <span class='ocrx_word' id='word_1_21' title='bbox 2093 724 2184 777; x_wconf 75' lang='lat' dir='ltr'><em>eu</em></span> <span class='ocrx_word' id='word_1_22' title='bbox 2238 689 2735 776; x_wconf 87' lang='lat' dir='ltr'><em>multitudine</em></span> <span class='ocrx_word' id='word_1_23' title='bbox 2785 694 3164 785; x_wconf 70' lang='lat' dir='ltr'><em>auflorum</em></span> <span class='ocrx_word' id='word_1_24' title='bbox 3189 693 3347 777; x_wconf 90' lang='lat' dir='ltr'><em>lau·</em></span> 
     </span>
     <span class='ocr_line' id='line_1_4' title="bbox 376 810 3349 931; baseline -0.003 -27"><span class='ocrx_word' id='word_1_25' title='bbox 376 818 763 926; x_wconf 81' lang='lat' dir='ltr'><em>datorum,</em></span> <span class='ocrx_word' id='word_1_26' title='bbox 799 820 936 931; x_wconf 89' lang='lat' dir='ltr'><em>qui</em></span> <span class='ocrx_word' id='word_1_27' title='bbox 985 848 1136 900; x_wconf 87' lang='lat' dir='ltr'><em>mos</em></span> <span class='ocrx_word' id='word_1_28' title='bbox 1186 813 1402 898; x_wconf 87' lang='lat' dir='ltr'><em>bodie</em></span> <span class='ocrx_word' id='word_1_29' title='bbox 1464 816 1569 929; x_wconf 89' lang='lat' dir='ltr'><em>est</em></span> <span class='ocrx_word' id='word_1_30' title='bbox 1637 815 2042 898; x_wconf 88' lang='lat' dir='ltr'><em>multorum</em></span> <span class='ocrx_word' id='word_1_31' title='bbox 2087 810 2288 927; x_wconf 75' lang='lat' dir='ltr'><em>fitne</em></span> <span class='ocrx_word' id='word_1_32' title='bbox 2346 811 2762 928; x_wconf 80' lang='lat' dir='ltr'><em>inglorius,</em></span> <span class='ocrx_word' id='word_1_33' title='bbox 2819 810 3218 927; x_wconf 84' lang='lat' dir='ltr'><em>gloriolam</em></span> <span class='ocrx_word' id='word_1_34' title='bbox 3271 842 3349 894; x_wconf 83' lang='lat' dir='ltr'><em>a·</em></span> 
     </span>
     <span class='ocr_line' id='line_1_5' title="bbox 370 928 3349 1058; baseline -0.003 -37"><span class='ocrx_word' id='word_1_35' title='bbox 370 937 530 1058; x_wconf 84' lang='lat' dir='ltr'><em>pud</em></span> <span class='ocrx_word' id='word_1_36' title='bbox 540 986 547 995; x_wconf 72' lang='lat'>=</span> <span class='ocrx_word' id='word_1_37' title='bbox 566 939 947 1055; x_wconf 82' lang='lat' dir='ltr'><em>imperitos</em></span> <span class='ocrx_word' id='word_1_38' title='bbox 982 959 1282 1053; x_wconf 84' lang='lat' dir='ltr'><em>captare</em></span> <span class='ocrx_word' id='word_1_39' title='bbox 1305 992 1328 1016; x_wconf 90' lang='lat'><strong>.</strong></span> <span class='ocrx_word' id='word_1_40' title='bbox 1409 934 1752 1051; x_wconf 78' lang='lat' dir='ltr'><em>Optimos</em></span> <span class='ocrx_word' id='word_1_41' title='bbox 1798 960 2050 1016; x_wconf 88' lang='lat' dir='ltr'><em>tenere</em></span> <span class='ocrx_word' id='word_1_42' title='bbox 2085 990 2118 1037; x_wconf 72' lang='lat'><em>5</em></span> <span class='ocrx_word' id='word_1_43' title='bbox 2188 931 2498 1047; x_wconf 85' lang='lat' dir='ltr'><em>optimos</em></span> <span class='ocrx_word' id='word_1_44' title='bbox 2563 929 2809 1046; x_wconf 85' lang='lat' dir='ltr'><em>legere</em></span> <span class='ocrx_word' id='word_1_45' title='bbox 2863 956 3093 1042; x_wconf 85' lang='lat' dir='ltr'><em>atque</em></span> <span class='ocrx_word' id='word_1_46' title='bbox 3129 928 3349 1013; x_wconf 81' lang='lat' dir='ltr'><em>imbi-</em></span> 
     </span>
     <span class='ocr_line' id='line_1_6' title="bbox 377 1045 3356 1172; baseline -0.004 -30"><span class='ocrx_word' id='word_1_47' title='bbox 377 1056 544 1142; x_wconf 85' lang='lat' dir='ltr'><em>bere</em></span> <span class='ocrx_word' id='word_1_48' title='bbox 574 1116 623 1162; x_wconf 85' lang='lat'><em>‚.</em></span> <span class='ocrx_word' id='word_1_49' title='bbox 636 1052 941 1172; x_wconf 79' lang='lat' dir='ltr'><em>semper</em></span> <span class='ocrx_word' id='word_1_50' title='bbox 988 1052 1183 1137; x_wconf 89' lang='lat' dir='ltr'><em>mibi</em></span> <span class='ocrx_word' id='word_1_51' title='bbox 1220 1049 1627 1165; x_wconf 68' lang='lat' dir='ltr'><em>consultius</em></span> <span class='ocrx_word' id='word_1_52' title='bbox 1678 1048 1937 1165; x_wconf 77' lang='lat' dir='ltr'><em>visum</em></span> <span class='ocrx_word' id='word_1_53' title='bbox 1976 1053 2079 1164; x_wconf 86' lang='lat' dir='ltr'><em>est</em></span> <span class='ocrx_word' id='word_1_54' title='bbox 2113 1106 2138 1132; x_wconf 82' lang='lat'><strong>.</strong></span> <span class='ocrx_word' id='word_1_55' title='bbox 2228 1049 2592 1164; x_wconf 79' lang='lat' dir='ltr'><em>Inprimis</em></span> <span class='ocrx_word' id='word_1_56' title='bbox 2646 1045 2729 1130; x_wconf 84' lang='lat' dir='ltr'><em>id</em></span> <span class='ocrx_word' id='word_1_57' title='bbox 2782 1072 3076 1164; x_wconf 73' lang='lat' dir='ltr'><em>operam</em></span> <span class='ocrx_word' id='word_1_58' title='bbox 3130 1045 3356 1159; x_wconf 80' lang='lat' dir='ltr'><em>dedi,</em></span> 
     </span>
     <span class='ocr_line' id='line_1_7' title="bbox 374 1165 3343 1289; baseline -0.005 -25"><span class='ocrx_word' id='word_1_59' title='bbox 374 1202 469 1265; x_wconf 73' lang='lat' dir='ltr'><em>ut</em></span> <span class='ocrx_word' id='word_1_60' title='bbox 524 1175 877 1289; x_wconf 75' lang='lat' dir='ltr'><em>vulgares</em></span> <span class='ocrx_word' id='word_1_61' title='bbox 913 1197 1063 1256; x_wconf 82' lang='lat' dir='ltr'><em>non</em></span> <span class='ocrx_word' id='word_1_62' title='bbox 1086 1196 1354 1289; x_wconf 84' lang='lat' dir='ltr'><em>paucos</em></span> <span class='ocrx_word' id='word_1_63' title='bbox 1401 1202 1673 1255; x_wconf 84' lang='lat' dir='ltr'><em>errores</em></span> <span class='ocrx_word' id='word_1_64' title='bbox 1696 1230 1728 1276; x_wconf 80' lang='lat'>‚</span> <span class='ocrx_word' id='word_1_65' title='bbox 1798 1172 1936 1283; x_wconf 86' lang='lat' dir='ltr'><em>qui</em></span> <span class='ocrx_word' id='word_1_66' title='bbox 1981 1165 2378 1287; x_wconf 87' lang='lat' dir='ltr'><em>plerosque</em></span> <span class='ocrx_word' id='word_1_67' title='bbox 2414 1165 2504 1250; x_wconf 88' lang='lat' dir='ltr'><em>de</em></span> <span class='ocrx_word' id='word_1_68' title='bbox 2559 1167 2862 1281; x_wconf 86' lang='lat' dir='ltr'><em>historia</em></span> <span class='ocrx_word' id='word_1_69' title='bbox 2911 1169 3113 1272; x_wconf 85' lang='lat' dir='ltr'><em>juris</em></span> <span class='ocrx_word' id='word_1_70' title='bbox 3142 1166 3343 1280; x_wconf 87' lang='lat' dir='ltr'><em>scri·</em></span> 
     </span>
     <span class='ocr_line' id='line_1_8' title="bbox 372 1280 3345 1410; baseline -0.002 -35"><span class='ocrx_word' id='word_1_71' title='bbox 372 1314 543 1410; x_wconf 83' lang='lat' dir='ltr'><em>ptos</em></span> <span class='ocrx_word' id='word_1_72' title='bbox 578 1291 806 1375; x_wconf 87' lang='lat' dir='ltr'><em>libros</em></span> <span class='ocrx_word' id='word_1_73' title='bbox 858 1313 1297 1409; x_wconf 86' lang='lat' dir='ltr'><em>occuparunt</em></span> <span class='ocrx_word' id='word_1_74' title='bbox 1316 1348 1346 1395; x_wconf 84' lang='lat'>,</span> <span class='ocrx_word' id='word_1_75' title='bbox 1400 1290 1738 1372; x_wconf 88' lang='lat' dir='ltr'><em>tollerem</em></span> <span class='ocrx_word' id='word_1_76' title='bbox 1793 1315 2020 1401; x_wconf 88' lang='lat' dir='ltr'><em>atque</em></span> <span class='ocrx_word' id='word_1_77' title='bbox 2052 1287 2631 1371; x_wconf 77' lang='lat' dir='ltr'><em>convincerem:</em></span> <span class='ocrx_word' id='word_1_78' title='bbox 2685 1282 2882 1397; x_wconf 88' lang='lat' dir='ltr'><em>quod</em></span> <span class='ocrx_word' id='word_1_79' title='bbox 2948 1319 3096 1369; x_wconf 86' lang='lat' dir='ltr'><em>non</em></span> <span class='ocrx_word' id='word_1_80' title='bbox 3133 1280 3345 1397; x_wconf 80' lang='lat' dir='ltr'><em>diffi-</em></span> 
     </span>
     <span class='ocr_line' id='line_1_9' title="bbox 380 1400 3354 1526; baseline -0.002 -33"><span class='ocrx_word' id='word_1_81' title='bbox 380 1411 523 1494; x_wconf 85' lang='lat' dir='ltr'><em>eile</em></span> <span class='ocrx_word' id='word_1_82' title='bbox 538 1404 767 1522; x_wconf 87' lang='lat' dir='ltr'><em>fuit,</em></span> <span class='ocrx_word' id='word_1_83' title='bbox 802 1407 995 1526; x_wconf 89' lang='lat' dir='ltr'><em>ipsos</em></span> <span class='ocrx_word' id='word_1_84' title='bbox 1013 1435 1306 1499; x_wconf 84' lang='lat' dir='ltr'><em>veteres</em></span> <span class='ocrx_word' id='word_1_85' title='bbox 1346 1409 1667 1491; x_wconf 62' lang='lat' dir='ltr'><em>aubiores</em></span> <span class='ocrx_word' id='word_1_86' title='bbox 1701 1406 2039 1522; x_wconf 83' lang='lat' dir='ltr'><em>legenti,</em></span> <span class='ocrx_word' id='word_1_87' title='bbox 2074 1439 2220 1489; x_wconf 91' lang='lat' dir='ltr'><em>non</em></span> <span class='ocrx_word' id='word_1_88' title='bbox 2261 1431 2351 1487; x_wconf 89' lang='lat' dir='ltr'><em>ut</em></span> <span class='ocrx_word' id='word_1_89' title='bbox 2390 1402 2606 1489; x_wconf 86' lang='lat' dir='ltr'><em>bodie</em></span> <span class='ocrx_word' id='word_1_90' title='bbox 2620 1400 2802 1518; x_wconf 86' lang='lat' dir='ltr'><em>fere</em></span> <span class='ocrx_word' id='word_1_91' title='bbox 2818 1405 2983 1521; x_wconf 84' lang='lat' dir='ltr'><em>fit,</em></span> <span class='ocrx_word' id='word_1_92' title='bbox 3010 1402 3218 1517; x_wconf 76' lang='lat' dir='ltr'><em>filos</em></span> <span class='ocrx_word' id='word_1_93' title='bbox 3240 1435 3354 1487; x_wconf 90' lang='lat' dir='ltr'><em>re-</em></span> 
     </span>
     <span class='ocr_line' id='line_1_10' title="bbox 285 1518 3356 1644; baseline -0.003 -31"><span class='ocrx_word' id='word_1_94' title='bbox 285 1522 290 1555; x_wconf 84' lang='lat'>&#39;</span> <span class='ocrx_word' id='word_1_95' title='bbox 381 1529 788 1633; x_wconf 68' lang='lat' dir='ltr'><em>centiens,</em></span> <span class='ocrx_word' id='word_1_96' title='bbox 822 1525 1097 1640; x_wconf 87' lang='lat' dir='ltr'><em>bosque</em></span> <span class='ocrx_word' id='word_1_97' title='bbox 1152 1553 1481 1610; x_wconf 85' lang='lat' dir='ltr'><em>errantes</em></span> <span class='ocrx_word' id='word_1_98' title='bbox 1498 1586 1525 1632; x_wconf 88' lang='lat'>,</span> <span class='ocrx_word' id='word_1_99' title='bbox 1560 1526 1923 1640; x_wconf 86' lang='lat' dir='ltr'><em>sequenti</em></span> <span class='ocrx_word' id='word_1_100' title='bbox 1966 1582 1995 1606; x_wconf 89' lang='lat'><em>.-</em></span> <span class='ocrx_word' id='word_1_101' title='bbox 2046 1528 2233 1644; x_wconf 56' lang='lat' dir='ltr'><em>Quo</em></span> <span class='ocrx_word' id='word_1_102' title='bbox 2268 1518 2574 1635; x_wconf 62' lang='lat' dir='ltr'><em>fafium</em></span> <span class='ocrx_word' id='word_1_103' title='bbox 2623 1524 2771 1637; x_wconf 84' lang='lat' dir='ltr'><em>est,</em></span> <span class='ocrx_word' id='word_1_104' title='bbox 2824 1549 2914 1606; x_wconf 86' lang='lat' dir='ltr'><em>ut</em></span> <span class='ocrx_word' id='word_1_105' title='bbox 2991 1523 3356 1606; x_wconf 87' lang='lat' dir='ltr'><em>nonnulla</em></span> 
     </span>
     <span class='ocr_line' id='line_1_11' title="bbox 381 1640 3352 1764; baseline -0.001 -31"><span class='ocrx_word' id='word_1_106' title='bbox 381 1643 778 1764; x_wconf 76' lang='lat' dir='ltr'><em>tradidiffe</em></span> <span class='ocrx_word' id='word_1_107' title='bbox 822 1643 1093 1730; x_wconf 85' lang='lat' dir='ltr'><em>videar</em></span> <span class='ocrx_word' id='word_1_108' title='bbox 1124 1704 1160 1751; x_wconf 83' lang='lat'><strong>‚</strong></span> <span class='ocrx_word' id='word_1_109' title='bbox 1231 1678 1278 1729; x_wconf 91' lang='lat' dir='ltr'><em>a</em></span> <span class='ocrx_word' id='word_1_110' title='bbox 1334 1647 1630 1729; x_wconf 88' lang='lat' dir='ltr'><em>nemine</em></span> <span class='ocrx_word' id='word_1_111' title='bbox 1663 1670 1842 1726; x_wconf 87' lang='lat' dir='ltr'><em>ante</em></span> <span class='ocrx_word' id='word_1_112' title='bbox 1880 1641 2018 1726; x_wconf 86' lang='lat' dir='ltr'><em>hac</em></span> <span class='ocrx_word' id='word_1_113' title='bbox 2042 1640 2601 1756; x_wconf 53' lang='lat' dir='ltr'><em>animadversa</em></span> <span class='ocrx_word' id='word_1_114' title='bbox 2617 1702 2644 1748; x_wconf 91' lang='lat'>‚</span> <span class='ocrx_word' id='word_1_115' title='bbox 2699 1667 2835 1754; x_wconf 85' lang='lat' dir='ltr'><em>aut</em></span> <span class='ocrx_word' id='word_1_116' title='bbox 2898 1640 3296 1753; x_wconf 77' lang='lat' dir='ltr'><em>observata</em></span> <span class='ocrx_word' id='word_1_117' title='bbox 3312 1671 3352 1730; x_wconf 87' lang='lat'><em>.·.</em></span> 
     </span>
     <span class='ocr_line' id='line_1_12' title="bbox 380 1754 3357 1880; baseline -0.001 -33"><span class='ocrx_word' id='word_1_118' title='bbox 380 1795 573 1879; x_wconf 84' lang='lat' dir='ltr'><em>quae</em></span> <span class='ocrx_word' id='word_1_119' title='bbox 627 1793 880 1847; x_wconf 84' lang='lat' dir='ltr'><em>tamen</em></span> <span class='ocrx_word' id='word_1_120' title='bbox 945 1766 1260 1850; x_wconf 85' lang='lat' dir='ltr'><em>aliorum</em></span> <span class='ocrx_word' id='word_1_121' title='bbox 1324 1763 1855 1878; x_wconf 77' lang='lat' dir='ltr'><em>existimationi</em></span> <span class='ocrx_word' id='word_1_122' title='bbox 1912 1763 2356 1880; x_wconf 82' lang='lat' dir='ltr'><em>permittere</em></span> <span class='ocrx_word' id='word_1_123' title='bbox 2383 1822 2410 1869; x_wconf 86' lang='lat'>,</span> <span class='ocrx_word' id='word_1_124' title='bbox 2465 1791 2691 1876; x_wconf 90' lang='lat' dir='ltr'><em>quam</em></span> <span class='ocrx_word' id='word_1_125' title='bbox 2732 1754 2891 1875; x_wconf 70' lang='lat' dir='ltr'><em>ipse</em></span> <span class='ocrx_word' id='word_1_126' title='bbox 2947 1761 3028 1843; x_wconf 90' lang='lat' dir='ltr'><em>in</em></span> <span class='ocrx_word' id='word_1_127' title='bbox 3087 1762 3357 1844; x_wconf 81' lang='lat' dir='ltr'><em>oratio-</em></span> 
     </span>
     <span class='ocr_line' id='line_1_13' title="bbox 382 1878 3363 2000; baseline -0.002 -31"><span class='ocrx_word' id='word_1_128' title='bbox 382 1915 478 1969; x_wconf 80' lang='lat' dir='ltr'><em>ne</em></span> <span class='ocrx_word' id='word_1_129' title='bbox 513 1914 677 1966; x_wconf 88' lang='lat' dir='ltr'><em>mea</em></span> <span class='ocrx_word' id='word_1_130' title='bbox 721 1907 994 2000; x_wconf 87' lang='lat' dir='ltr'><em>ponere</em></span> <span class='ocrx_word' id='word_1_131' title='bbox 1036 1884 1262 1977; x_wconf 60' lang='lat' dir='ltr'><em>‚malo</em></span> <span class='ocrx_word' id='word_1_132' title='bbox 1280 1942 1306 1967; x_wconf 83' lang='lat'><strong><em>.</em></strong></span> <span class='ocrx_word' id='word_1_133' title='bbox 1374 1888 1729 1969; x_wconf 83' lang='lat' dir='ltr'><em>Ceterum</em></span> <span class='ocrx_word' id='word_1_134' title='bbox 1782 1908 1979 1965; x_wconf 42' lang='lat' dir='ltr'><em>vero*</em></span> <span class='ocrx_word' id='word_1_135' title='bbox 2038 1879 2444 1996; x_wconf 84' lang='lat' dir='ltr'><em>diligenter</em></span> <span class='ocrx_word' id='word_1_136' title='bbox 2497 1879 2929 1984; x_wconf 85' lang='lat' dir='ltr'><em>elaboravi,</em></span> <span class='ocrx_word' id='word_1_137' title='bbox 2984 1904 3073 1961; x_wconf 92' lang='lat' dir='ltr'><em>ut</em></span> <span class='ocrx_word' id='word_1_138' title='bbox 3144 1878 3363 1963; x_wconf 88' lang='lat' dir='ltr'><em>nulla</em></span> 
     </span>
     <span class='ocr_line' id='line_1_14' title="bbox 383 1997 3374 2118; baseline -0.001 -35"><span class='ocrx_word' id='word_1_139' title='bbox 383 2001 551 2106; x_wconf 74' lang='lat' dir='ltr'><em>leu,&#39;</em></span> <span class='ocrx_word' id='word_1_140' title='bbox 584 2001 719 2084; x_wconf 90' lang='lat' dir='ltr'><em>vel</em></span> <span class='ocrx_word' id='word_1_141' title='bbox 773 2004 1215 2115; x_wconf 70' lang='lat' dir='ltr'><em>constitutio,</em></span> <span class='ocrx_word' id='word_1_142' title='bbox 1235 2001 1640 2118; x_wconf 78' lang='lat' dir='ltr'><em>infignior,</em></span> <span class='ocrx_word' id='word_1_143' title='bbox 1698 2029 1856 2085; x_wconf 80' lang='lat' dir='ltr'><em>tam</em></span> <span class='ocrx_word' id='word_1_144' title='bbox 1891 2001 2083 2097; x_wconf 86' lang='lat' dir='ltr'><em>iuris</em></span> <span class='ocrx_word' id='word_1_145' title='bbox 2138 1997 2432 2114; x_wconf 85' lang='lat' dir='ltr'><em>publici</em></span> <span class='ocrx_word' id='word_1_146' title='bbox 2468 2030 2695 2113; x_wconf 76' lang='lat' dir='ltr'><em>quam</em></span> <span class='ocrx_word' id='word_1_147' title='bbox 2732 1999 3091 2115; x_wconf 80' lang='lat' dir='ltr'><em>privati,</em></span> <span class='ocrx_word' id='word_1_148' title='bbox 3131 2000 3374 2115; x_wconf 30' lang='lat' dir='ltr'><em>omit·-</em></span> 
     </span>
     <span class='ocr_line' id='line_1_15' title="bbox 381 2114 3356 2234; baseline -0.001 -33"><span class='ocrx_word' id='word_1_149' title='bbox 381 2138 674 2202; x_wconf 82' lang='lat' dir='ltr'><em>teretur</em></span> <span class='ocrx_word' id='word_1_150' title='bbox 692 2176 723 2221; x_wconf 65' lang='lat'><em>5</em></span> <span class='ocrx_word' id='word_1_151' title='bbox 795 2144 1163 2229; x_wconf 87' lang='lat' dir='ltr'><em>quantum</em></span> <span class='ocrx_word' id='word_1_152' title='bbox 1234 2123 1394 2221; x_wconf 82' lang='lat' dir='ltr'><em>ejus</em></span> <span class='ocrx_word' id='word_1_153' title='bbox 1462 2121 1570 2231; x_wconf 81' lang='lat' dir='ltr'><em>rei</em></span> <span class='ocrx_word' id='word_1_154' title='bbox 1627 2118 1817 2233; x_wconf 88' lang='lat' dir='ltr'><em>fieri</em></span> <span class='ocrx_word' id='word_1_155' title='bbox 1902 2115 2194 2234; x_wconf 82' lang='lat' dir='ltr'><em>posset:</em></span> <span class='ocrx_word' id='word_1_156' title='bbox 2289 2148 2432 2229; x_wconf 84' lang='lat' dir='ltr'><em>quo</em></span> <span class='ocrx_word' id='word_1_157' title='bbox 2547 2115 2705 2232; x_wconf 86' lang='lat' dir='ltr'><em>ipso</em></span> <span class='ocrx_word' id='word_1_158' title='bbox 2762 2114 2937 2198; x_wconf 87' lang='lat' dir='ltr'><em>baec</em></span> <span class='ocrx_word' id='word_1_159' title='bbox 3017 2117 3356 2227; x_wconf 83' lang='lat' dir='ltr'><em>Historia</em></span> 
     </span>
     <span class='ocr_line' id='line_1_16' title="bbox 366 2230 3360 2351; baseline -0 -34"><span class='ocrx_word' id='word_1_160' title='bbox 366 2243 438 2349; x_wconf 85' lang='lat' dir='ltr'><em>J</em></span> <span class='ocrx_word' id='word_1_161' title='bbox 443 2232 1045 2351; x_wconf 85' lang='lat' dir='ltr'><em>urisprudentiae</em></span> <span class='ocrx_word' id='word_1_162' title='bbox 1078 2244 1469 2319; x_wconf 87' lang='lat' dir='ltr'><em>Romanae</em></span> <span class='ocrx_word' id='word_1_163' title='bbox 1508 2238 1768 2318; x_wconf 89' lang='lat' dir='ltr'><em>ceteris</em></span> <span class='ocrx_word' id='word_1_164' title='bbox 1821 2240 1979 2339; x_wconf 84' lang='lat' dir='ltr'><em>ejus</em></span> <span class='ocrx_word' id='word_1_165' title='bbox 2026 2235 2324 2350; x_wconf 84' lang='lat' dir='ltr'><em>generis</em></span> <span class='ocrx_word' id='word_1_166' title='bbox 2382 2234 2599 2318; x_wconf 84' lang='lat' dir='ltr'><em>libris</em></span> <span class='ocrx_word' id='word_1_167' title='bbox 2649 2234 2868 2350; x_wconf 85' lang='lat' dir='ltr'><em>longe</em></span> <span class='ocrx_word' id='word_1_168' title='bbox 2905 2234 3204 2350; x_wconf 89' lang='lat' dir='ltr'><em>plenior</em></span> <span class='ocrx_word' id='word_1_169' title='bbox 3222 2230 3360 2345; x_wconf 72' lang='lat' dir='ltr'><em>fa-</em></span> 
     </span>
     <span class='ocr_line' id='line_1_17' title="bbox 387 2348 3372 2468; baseline -0.001 -31"><span class='ocrx_word' id='word_1_170' title='bbox 387 2357 507 2437; x_wconf 68' lang='lat' dir='ltr'><em>Ha</em></span> <span class='ocrx_word' id='word_1_171' title='bbox 578 2354 721 2465; x_wconf 77' lang='lat' dir='ltr'><em>est.</em></span> <span class='ocrx_word' id='word_1_172' title='bbox 770 2357 874 2434; x_wconf 76' lang='lat' dir='ltr'><em>,In</em></span> <span class='ocrx_word' id='word_1_173' title='bbox 889 2356 960 2462; x_wconf 93' lang='lat' dir='ltr'><em>J</em></span> <span class='ocrx_word' id='word_1_174' title='bbox 968 2386 1097 2439; x_wconf 87' lang='lat' dir='ltr'><em>ure</em></span> <span class='ocrx_word' id='word_1_175' title='bbox 1131 2353 1364 2441; x_wconf 78' lang='lat' dir='ltr'><em>etiam</em></span> <span class='ocrx_word' id='word_1_176' title='bbox 1386 2361 1659 2439; x_wconf 88' lang='lat' dir='ltr'><em>Graeco</em></span> <span class='ocrx_word' id='word_1_177' title='bbox 1698 2352 2110 2468; x_wconf 80' lang='lat' dir='ltr'><em>exponendo</em></span> <span class='ocrx_word' id='word_1_178' title='bbox 2185 2357 2538 2455; x_wconf 70' lang='lat' dir='ltr'><em>maiorem</em></span> <span class='ocrx_word' id='word_1_179' title='bbox 2631 2351 2953 2437; x_wconf 87' lang='lat' dir='ltr'><em>laborem</em></span> <span class='ocrx_word' id='word_1_180' title='bbox 3011 2348 3372 2466; x_wconf 83' lang='lat' dir='ltr'><em>insumfi‚</em></span> 
     </span>
     <span class='ocr_line' id='line_1_18' title="bbox 390 2468 3454 2587; baseline 0 -34"><span class='ocrx_word' id='word_1_181' title='bbox 390 2501 619 2583; x_wconf 78' lang='lat' dir='ltr'><em>quam</em></span> <span class='ocrx_word' id='word_1_182' title='bbox 688 2470 929 2586; x_wconf 65' lang='lat' dir='ltr'><em>‚vulgo</em></span> <span class='ocrx_word' id='word_1_183' title='bbox 984 2472 1174 2586; x_wconf 78' lang='lat' dir='ltr'><em>fieri</em></span> <span class='ocrx_word' id='word_1_184' title='bbox 1212 2468 1475 2581; x_wconf 76' lang='lat' dir='ltr'><em>Jble&#39;t:</em></span> <span class='ocrx_word' id='word_1_185' title='bbox 1532 2497 1623 2554; x_wconf 83' lang='lat' dir='ltr'><em>ut·</em></span> <span class='ocrx_word' id='word_1_186' title='bbox 1646 2469 1892 2584; x_wconf 84' lang='lat' dir='ltr'><em>facile</em></span> <span class='ocrx_word' id='word_1_187' title='bbox 1934 2473 2373 2587; x_wconf 83' lang='lat' dir='ltr'><em>intelligent</em></span> <span class='ocrx_word' id='word_1_188' title='bbox 2433 2474 2547 2576; x_wconf 67' lang='lat' dir='ltr'><em>ii,</em></span> <span class='ocrx_word' id='word_1_189' title='bbox 2600 2474 2733 2584; x_wconf 88' lang='lat' dir='ltr'><em>qui</em></span> <span class='ocrx_word' id='word_1_190' title='bbox 2786 2471 2980 2554; x_wconf 82' lang='lat' dir='ltr'><em>hunc</em></span> <span class='ocrx_word' id='word_1_191' title='bbox 3036 2474 3366 2584; x_wconf 86' lang='lat' dir='ltr'><em>nostrum</em></span> <span class='ocrx_word' id='word_1_192' title='bbox 3431 2553 3454 2567; x_wconf 74' lang='lat'><strong>,</strong></span> 
     </span>
     <span class='ocr_line' id='line_1_19' title="bbox 385 2587 3370 2709; baseline -0 -35"><span class='ocrx_word' id='word_1_193' title='bbox 385 2587 713 2674; x_wconf 87' lang='lat' dir='ltr'><em>laborem</em></span> <span class='ocrx_word' id='word_1_194' title='bbox 765 2619 930 2672; x_wconf 90' lang='lat' dir='ltr'><em>cum</em></span> <span class='ocrx_word' id='word_1_195' title='bbox 985 2592 1165 2671; x_wconf 90' lang='lat' dir='ltr'><em>aliis</em></span> <span class='ocrx_word' id='word_1_196' title='bbox 1220 2615 1637 2706; x_wconf 87' lang='lat' dir='ltr'><em>comparare</em></span> <span class='ocrx_word' id='word_1_197' title='bbox 1710 2591 2015 2673; x_wconf 87' lang='lat' dir='ltr'><em>volent.</em></span> <span class='ocrx_word' id='word_1_198' title='bbox 2084 2594 2317 2709; x_wconf 60' lang='lat' dir='ltr'><em>,Quae</em></span> <span class='ocrx_word' id='word_1_199' title='bbox 2365 2593 2615 2674; x_wconf 83' lang='lat' dir='ltr'><em>omnia</em></span> <span class='ocrx_word' id='word_1_200' title='bbox 2669 2616 2816 2673; x_wconf 86' lang='lat' dir='ltr'><em>non</em></span> <span class='ocrx_word' id='word_1_201' title='bbox 2865 2620 2945 2671; x_wconf 84' lang='lat' dir='ltr'><em>eo</em></span> <span class='ocrx_word' id='word_1_202' title='bbox 3005 2589 3370 2706; x_wconf 83' lang='lat' dir='ltr'><em>interpre-</em></span> 
     </span>
     <span class='ocr_line' id='line_1_20' title="bbox 390 2707 3372 2825; baseline -0.001 -33"><span class='ocrx_word' id='word_1_203' title='bbox 390 2708 549 2792; x_wconf 88' lang='lat' dir='ltr'><em>tari</em></span> <span class='ocrx_word' id='word_1_204' title='bbox 606 2708 848 2790; x_wconf 86' lang='lat' dir='ltr'><em>velim</em></span> <span class='ocrx_word' id='word_1_205' title='bbox 916 2707 1214 2792; x_wconf 68' lang='lat' dir='ltr'><em>leb&#39;lores</em></span> <span class='ocrx_word' id='word_1_206' title='bbox 1288 2707 1556 2822; x_wconf 72' lang='lat' dir='ltr'><em>nestros</em></span> <span class='ocrx_word' id='word_1_207' title='bbox 1576 2768 1608 2814; x_wconf 80' lang='lat'>,</span> <span class='ocrx_word' id='word_1_208' title='bbox 1657 2708 1865 2821; x_wconf 74' lang='lat' dir='ltr'><em>quasi</em></span> <span class='ocrx_word' id='word_1_209' title='bbox 1934 2707 2027 2792; x_wconf 93' lang='lat' dir='ltr'><em>ab</em></span> <span class='ocrx_word' id='word_1_210' title='bbox 2085 2708 2419 2793; x_wconf 87' lang='lat' dir='ltr'><em>omnibus</em></span> <span class='ocrx_word' id='word_1_211' title='bbox 2475 2708 2883 2793; x_wconf 85' lang='lat' dir='ltr'><em>errorribus</em></span> <span class='ocrx_word' id='word_1_212' title='bbox 2935 2735 3073 2791; x_wconf 88' lang='lat' dir='ltr'><em>aut</em></span> <span class='ocrx_word' id='word_1_213' title='bbox 3124 2733 3372 2825; x_wconf 86' lang='lat' dir='ltr'><em>repre-</em></span> 
     </span>
     <span class='ocr_line' id='line_1_21' title="bbox 391 2821 3372 2945; baseline -0.001 -33"><span class='ocrx_word' id='word_1_214' title='bbox 391 2822 857 2939; x_wconf 79' lang='lat' dir='ltr'><em>henfionibus</em></span> <span class='ocrx_word' id='word_1_215' title='bbox 922 2827 1328 2911; x_wconf 89' lang='lat' dir='ltr'><em>immunem</em></span> <span class='ocrx_word' id='word_1_216' title='bbox 1384 2821 1578 2909; x_wconf 88' lang='lat' dir='ltr'><em>bunc</em></span> <span class='ocrx_word' id='word_1_217' title='bbox 1645 2827 1925 2908; x_wconf 88' lang='lat' dir='ltr'><em>librum</em></span> <span class='ocrx_word' id='word_1_218' title='bbox 1979 2828 2129 2945; x_wconf 74' lang='lat' dir='ltr'><em>effe</em></span> <span class='ocrx_word' id='word_1_219' title='bbox 2182 2829 2636 2939; x_wconf 79' lang='lat' dir='ltr'><em>existimem.</em></span> <span class='ocrx_word' id='word_1_220' title='bbox 2697 2826 2964 2912; x_wconf 88' lang='lat' dir='ltr'><em>Facile</em></span> <span class='ocrx_word' id='word_1_221' title='bbox 2996 2825 3187 2942; x_wconf 85' lang='lat' dir='ltr'><em>fieri</em></span> <span class='ocrx_word' id='word_1_222' title='bbox 3239 2851 3372 2944; x_wconf 86' lang='lat' dir='ltr'><em>po·</em></span> 
     </span>
     <span class='ocr_line' id='line_1_22' title="bbox 392 2942 3376 3062; baseline -0 -34"><span class='ocrx_word' id='word_1_223' title='bbox 392 2946 598 3048; x_wconf 82' lang='lat' dir='ltr'><em>tuit,</em></span> <span class='ocrx_word' id='word_1_224' title='bbox 652 2969 740 3025; x_wconf 88' lang='lat' dir='ltr'><em>ut</em></span> <span class='ocrx_word' id='word_1_225' title='bbox 801 2944 884 3024; x_wconf 90' lang='lat' dir='ltr'><em>in</em></span> <span class='ocrx_word' id='word_1_226' title='bbox 944 2969 1161 3026; x_wconf 81' lang='lat' dir='ltr'><em>tanta</em></span> <span class='ocrx_word' id='word_1_227' title='bbox 1217 2975 1461 3027; x_wconf 91' lang='lat' dir='ltr'><em>rerum</em></span> <span class='ocrx_word' id='word_1_228' title='bbox 1518 2942 2055 3047; x_wconf 84' lang='lat' dir='ltr'><em>multitudine,</em></span> <span class='ocrx_word' id='word_1_229' title='bbox 2113 2942 2210 3026; x_wconf 64' lang='lat'><em>&lt;9⁴</em></span> <span class='ocrx_word' id='word_1_230' title='bbox 2267 2971 2428 3026; x_wconf 89' lang='lat' dir='ltr'><em>tam</em></span> <span class='ocrx_word' id='word_1_231' title='bbox 2476 2945 2888 3062; x_wconf 79' lang='lat' dir='ltr'><em>multiplici</em></span> <span class='ocrx_word' id='word_1_232' title='bbox 2944 2947 3376 3053; x_wconf 86' lang='lat' dir='ltr'><em>varietate,</em></span> 
     </span>
     <span class='ocr_line' id='line_1_23' title="bbox 392 3059 3374 3182; baseline 0.001 -38"><span class='ocrx_word' id='word_1_233' title='bbox 392 3060 762 3144; x_wconf 86' lang='lat' dir='ltr'><em>nonnulla</em></span> <span class='ocrx_word' id='word_1_234' title='bbox 798 3061 1044 3143; x_wconf 84' lang='lat' dir='ltr'><em>minus</em></span> <span class='ocrx_word' id='word_1_235' title='bbox 1102 3067 1327 3161; x_wconf 66' lang='lat' dir='ltr'><em>refle,</em></span> <span class='ocrx_word' id='word_1_236' title='bbox 1347 3059 1550 3157; x_wconf 59' lang='lat' dir='ltr'><em>dista</em></span> <span class='ocrx_word' id='word_1_237' title='bbox 1585 3059 1997 3163; x_wconf 62' lang='lat' dir='ltr'><em>exciderint</em></span> <span class='ocrx_word' id='word_1_238' title='bbox 2015 3118 2041 3165; x_wconf 86' lang='lat'>,</span> <span class='ocrx_word' id='word_1_239' title='bbox 2072 3064 2225 3163; x_wconf 62' lang='lat' dir='ltr'><em>vel</em></span> <span class='ocrx_word' id='word_1_240' title='bbox 2262 3061 2745 3177; x_wconf 83' lang='lat' dir='ltr'><em>diligentiam</em></span> <span class='ocrx_word' id='word_1_241' title='bbox 2801 3062 3118 3176; x_wconf 86' lang='lat' dir='ltr'><em>nostram</em></span> <span class='ocrx_word' id='word_1_242' title='bbox 3186 3060 3374 3182; x_wconf 82' lang='lat' dir='ltr'><em>effu·</em></span> 
     </span>
     <span class='ocr_line' id='line_1_24' title="bbox 388 3171 3373 3299; baseline 0.001 -37"><span class='ocrx_word' id='word_1_243' title='bbox 388 3181 704 3297; x_wconf 83' lang='lat' dir='ltr'><em>gerint:</em></span> <span class='ocrx_word' id='word_1_244' title='bbox 765 3180 846 3262; x_wconf 88' lang='lat' dir='ltr'><em>in</em></span> <span class='ocrx_word' id='word_1_245' title='bbox 904 3180 1173 3293; x_wconf 85' lang='lat' dir='ltr'><em>quibus</em></span> <span class='ocrx_word' id='word_1_246' title='bbox 1212 3173 1299 3294; x_wconf 77' lang='lat' dir='ltr'><em>fi</em></span> <span class='ocrx_word' id='word_1_247' title='bbox 1347 3179 1534 3294; x_wconf 89' lang='lat' dir='ltr'><em>quid</em></span> <span class='ocrx_word' id='word_1_248' title='bbox 1577 3180 1731 3295; x_wconf 81' lang='lat' dir='ltr'><em>fit</em></span> <span class='ocrx_word' id='word_1_249' title='bbox 1749 3205 2079 3263; x_wconf 79' lang='lat' dir='ltr'><em>erratum</em></span> <span class='ocrx_word' id='word_1_250' title='bbox 2138 3181 2273 3264; x_wconf 90' lang='lat' dir='ltr'><em>vel</em></span> <span class='ocrx_word' id='word_1_251' title='bbox 2326 3171 2741 3298; x_wconf 67' lang='lat' dir='ltr'><em>offensum,</em></span> <span class='ocrx_word' id='word_1_252' title='bbox 2782 3180 3133 3265; x_wconf 67' lang='lat' dir='ltr'><em>dofliores</em></span> <span class='ocrx_word' id='word_1_253' title='bbox 3172 3213 3373 3299; x_wconf 82' lang='lat' dir='ltr'><em>roge,</em></span> 
     </span>
     <span class='ocr_line' id='line_1_25' title="bbox 396 3290 3376 3417; baseline 0.001 -36"><span class='ocrx_word' id='word_1_254' title='bbox 396 3324 488 3382; x_wconf 86' lang='lat' dir='ltr'><em>ut</em></span> <span class='ocrx_word' id='word_1_255' title='bbox 543 3298 851 3380; x_wconf 85' lang='lat' dir='ltr'><em>veniam</em></span> <span class='ocrx_word' id='word_1_256' title='bbox 909 3299 1348 3415; x_wconf 73' lang='lat' dir='ltr'><em>humaniter·</em></span> <span class='ocrx_word' id='word_1_257' title='bbox 1377 3290 1554 3389; x_wconf 75' lang='lat' dir='ltr'><em>dare</em></span> <span class='ocrx_word' id='word_1_258' title='bbox 1571 3357 1598 3404; x_wconf 86' lang='lat'>‚</span> <span class='ocrx_word' id='word_1_259' title='bbox 1652 3299 1832 3403; x_wconf 87' lang='lat' dir='ltr'><em>vel,</em></span> <span class='ocrx_word' id='word_1_260' title='bbox 1869 3298 1945 3412; x_wconf 80' lang='lat' dir='ltr'><strong><em>fi</em></strong></span> <span class='ocrx_word' id='word_1_261' title='bbox 1988 3301 2102 3382; x_wconf 86' lang='lat' dir='ltr'><em>ita</em></span> <span class='ocrx_word' id='word_1_262' title='bbox 2157 3299 2516 3383; x_wconf 86' lang='lat' dir='ltr'><em>videatur</em></span> <span class='ocrx_word' id='word_1_263' title='bbox 2540 3360 2582 3408; x_wconf 70' lang='lat'>,</span> <span class='ocrx_word' id='word_1_264' title='bbox 2625 3297 2932 3414; x_wconf 85' lang='lat' dir='ltr'><em>modeste</em></span> <span class='ocrx_word' id='word_1_265' title='bbox 2989 3301 3376 3417; x_wconf 80' lang='lat' dir='ltr'><em>reprehen-</em></span> 
     </span>
     <span class='ocr_line' id='line_1_26' title="bbox 395 3407 3375 3536; baseline 0.002 -38"><span class='ocrx_word' id='word_1_266' title='bbox 395 3413 616 3522; x_wconf 83' lang='lat' dir='ltr'><em>dere,</em></span> <span class='ocrx_word' id='word_1_267' title='bbox 670 3413 771 3499; x_wconf 68' lang='grc' dir='ltr'><em>Θ*</em></span> <span class='ocrx_word' id='word_1_268' title='bbox 816 3418 1177 3534; x_wconf 85' lang='lat' dir='ltr'><em>corrigere</em></span> <span class='ocrx_word' id='word_1_269' title='bbox 1233 3419 1493 3502; x_wconf 82' lang='lat' dir='ltr'><em>velint</em></span> <span class='ocrx_word' id='word_1_270' title='bbox 1526 3475 1549 3499; x_wconf 88' lang='lat'><strong>.</strong></span> <span class='ocrx_word' id='word_1_271' title='bbox 1618 3415 1938 3503; x_wconf 87' lang='lat' dir='ltr'><em>Etenim</em></span> <span class='ocrx_word' id='word_1_272' title='bbox 1996 3449 2042 3498; x_wconf 88' lang='lat' dir='ltr'><em>a</em></span> <span class='ocrx_word' id='word_1_273' title='bbox 2097 3407 2537 3504; x_wconf 68' lang='lat' dir='ltr'><em>dofiiorib‘us</em></span> <span class='ocrx_word' id='word_1_274' title='bbox 2591 3421 2922 3525; x_wconf 84' lang='lat' dir='ltr'><em>moneri,</em></span> <span class='ocrx_word' id='word_1_275' title='bbox 2988 3418 3375 3536; x_wconf 86' lang='lat' dir='ltr'><em>repreben-</em></span> 
     </span>
     <span class='ocr_line' id='line_1_27' title="bbox 393 3529 2960 3652; baseline -0.002 -30"><span class='ocrx_word' id='word_1_276' title='bbox 393 3533 478 3622; x_wconf 79' lang='lat' dir='ltr'><em>di</em></span> <span class='ocrx_word' id='word_1_277' title='bbox 533 3534 766 3620; x_wconf 84' lang='lat' dir='ltr'><em>etiam</em></span> <span class='ocrx_word' id='word_1_278' title='bbox 805 3567 951 3618; x_wconf 86' lang='lat' dir='ltr'><em>non</em></span> <span class='ocrx_word' id='word_1_279' title='bbox 988 3566 1218 3650; x_wconf 82' lang='lat' dir='ltr'><em>aequo</em></span> <span class='ocrx_word' id='word_1_280' title='bbox 1251 3534 1701 3649; x_wconf 71' lang='lat' dir='ltr'><em>solum,Jed</em></span> <span class='ocrx_word' id='word_1_281' title='bbox 1735 3537 1966 3618; x_wconf 90' lang='lat' dir='ltr'><em>etiam</em></span> <span class='ocrx_word' id='word_1_282' title='bbox 1999 3529 2220 3652; x_wconf 82' lang='lat' dir='ltr'><em>grato</em></span> <span class='ocrx_word' id='word_1_283' title='bbox 2275 3541 2524 3638; x_wconf 85' lang='lat' dir='ltr'><em>animo</em></span> <span class='ocrx_word' id='word_1_284' title='bbox 2559 3533 2960 3650; x_wconf 69' lang='lat' dir='ltr'><em>feremus..</em></span> 
     </span>
    </p>

    <p class='ocr_par' dir='ltr' id='par_1_3' title="bbox 396 3647 3453 5048">
     <span class='ocr_line' id='line_1_28' title="bbox 513 3647 3372 3771; baseline 0.002 -36"><span class='ocrx_word' id='word_1_285' title='bbox 513 3656 715 3735; x_wconf 88' lang='lat' dir='ltr'><em>Cum</em></span> <span class='ocrx_word' id='word_1_286' title='bbox 768 3684 950 3738; x_wconf 88' lang='lat' dir='ltr'><em>vero</em></span> <span class='ocrx_word' id='word_1_287' title='bbox 1011 3656 1249 3744; x_wconf 88' lang='lat' dir='ltr'><em>omnis</em></span> <span class='ocrx_word' id='word_1_288' title='bbox 1305 3677 1717 3771; x_wconf 84' lang='lat' dir='ltr'><em>temporum</em></span> <span class='ocrx_word' id='word_1_289' title='bbox 1770 3656 1961 3738; x_wconf 85' lang='lat' dir='ltr'><em>ratio</em></span> <span class='ocrx_word' id='word_1_290' title='bbox 2020 3647 2111 3738; x_wconf 46' lang='lat' dir='ltr'><em>in&#39;</em></span> <span class='ocrx_word' id='word_1_291' title='bbox 2154 3656 2460 3768; x_wconf 82' lang='lat' dir='ltr'><em>historia</em></span> <span class='ocrx_word' id='word_1_292' title='bbox 2510 3663 2861 3742; x_wconf 88' lang='lat' dir='ltr'><em>Romana</em></span> <span class='ocrx_word' id='word_1_293' title='bbox 2909 3655 3223 3740; x_wconf 85' lang='lat' dir='ltr'><em>ducatur</em></span> <span class='ocrx_word' id='word_1_294' title='bbox 3273 3656 3372 3741; x_wconf 88' lang='lat' dir='ltr'><em>ab</em></span> 
     </span>
     <span class='ocr_line' id='line_1_29' title="bbox 405 3769 3372 3892; baseline 0.001 -37"><span class='ocrx_word' id='word_1_295' title='bbox 405 3771 750 3886; x_wconf 82' lang='lat' dir='ltr'><em>origine,</em></span> <span class='ocrx_word' id='word_1_296' title='bbox 785 3773 1175 3887; x_wconf 84' lang='lat' dir='ltr'><em>natalique</em></span> <span class='ocrx_word' id='word_1_297' title='bbox 1211 3773 1441 3878; x_wconf 86' lang='lat' dir='ltr'><em>urbis,</em></span> <span class='ocrx_word' id='word_1_298' title='bbox 1481 3769 1561 3857; x_wconf 87' lang='lat' dir='ltr'><em>in</em></span> <span class='ocrx_word' id='word_1_299' title='bbox 1600 3798 1791 3856; x_wconf 83' lang='lat' dir='ltr'><em>anno</em></span> <span class='ocrx_word' id='word_1_300' title='bbox 1810 3795 2059 3857; x_wconf 84' lang='lat' dir='ltr'><em>autem</em></span> <span class='ocrx_word' id='word_1_301' title='bbox 2118 3775 2343 3859; x_wconf 87' lang='lat' dir='ltr'><em>Urbis</em></span> <span class='ocrx_word' id='word_1_302' title='bbox 2437 3775 2812 3859; x_wconf 85' lang='lat' dir='ltr'><em>Conditae</em></span> <span class='ocrx_word' id='word_1_303' title='bbox 2867 3774 3372 3892; x_wconf 83' lang='lat' dir='ltr'><em>constituendo</em></span> 
     </span>
     <span class='ocr_line' id='line_1_30' title="bbox 403 3886 3381 4011; baseline 0 -35"><span class='ocrx_word' id='word_1_304' title='bbox 403 3886 1041 4007; x_wconf 70' lang='lat' dir='ltr'><em>Dff’ntientium</em></span> <span class='ocrx_word' id='word_1_305' title='bbox 1061 3918 1404 3974; x_wconf 88' lang='lat' dir='ltr'><em>veterum</em></span> <span class='ocrx_word' id='word_1_306' title='bbox 1405 3890 1870 4009; x_wconf 71' lang='lat' dir='ltr'><em>scriptorum</em></span> <span class='ocrx_word' id='word_1_307' title='bbox 1910 3921 2227 4005; x_wconf 75' lang='lat' dir='ltr'><em>quatuor</em></span> <span class='ocrx_word' id='word_1_308' title='bbox 2255 3893 2727 4011; x_wconf 76' lang='lat' dir='ltr'><em>potiffi&#39;murn</em></span> <span class='ocrx_word' id='word_1_309' title='bbox 2782 3893 2938 4007; x_wconf 82' lang='lat' dir='ltr'><em>fint</em></span> <span class='ocrx_word' id='word_1_310' title='bbox 3011 3896 3381 4005; x_wconf 85' lang='lat' dir='ltr'><em>rationes,</em></span> 
     </span>
     <span class='ocr_line' id='line_1_31' title="bbox 396 4007 3377 4127; baseline 0.002 -37"><span class='ocrx_word' id='word_1_311' title='bbox 396 4007 871 4114; x_wconf 83' lang='lat' dir='ltr'><em>Catoniana,</em></span> <span class='ocrx_word' id='word_1_312' title='bbox 933 4011 1434 4115; x_wconf 83' lang='lat' dir='ltr'><em>Varroniana,</em></span> <span class='ocrx_word' id='word_1_313' title='bbox 1490 4013 1933 4127; x_wconf 80' lang='lat' dir='ltr'><em>Capitolina</em></span> <span class='ocrx_word' id='word_1_314' title='bbox 1971 4010 2151 4126; x_wconf 80' lang='lat' dir='ltr'><em>five</em></span> <span class='ocrx_word' id='word_1_315' title='bbox 2205 4015 2286 4097; x_wconf 88' lang='lat' dir='ltr'><em>F</em></span> <span class='ocrx_word' id='word_1_316' title='bbox 2284 4015 2763 4120; x_wconf 83' lang='lat' dir='ltr'><em>rontiniana‚</em></span> <span class='ocrx_word' id='word_1_317' title='bbox 2818 4011 2919 4097; x_wconf 61' lang='lat'><em>&amp;⁸</em></span> <span class='ocrx_word' id='word_1_318' title='bbox 2965 4012 3314 4098; x_wconf 80' lang='lat' dir='ltr'><em>Fabiana</em></span> <span class='ocrx_word' id='word_1_319' title='bbox 3348 4074 3377 4123; x_wconf 85' lang='lat'>‚</span> 
     </span>
     <span class='ocr_line' id='line_1_32' title="bbox 396 4123 3378 4243; baseline 0 -31"><span class='ocrx_word' id='word_1_320' title='bbox 396 4123 868 4239; x_wconf 88' lang='lat' dir='ltr'><em>liberumque</em></span> <span class='ocrx_word' id='word_1_321' title='bbox 904 4126 1020 4240; x_wconf 82' lang='lat' dir='ltr'><em>fit</em></span> <span class='ocrx_word' id='word_1_322' title='bbox 1048 4183 1074 4235; x_wconf 90' lang='lat'><strong><em>‚</em></strong></span> <span class='ocrx_word' id='word_1_323' title='bbox 1132 4155 1356 4240; x_wconf 88' lang='lat' dir='ltr'><em>quam</em></span> <span class='ocrx_word' id='word_1_324' title='bbox 1409 4125 1726 4241; x_wconf 88' lang='lat' dir='ltr'><em>quisque</em></span> <span class='ocrx_word' id='word_1_325' title='bbox 1780 4131 2145 4212; x_wconf 85' lang='lat' dir='ltr'><em>rationem</em></span> <span class='ocrx_word' id='word_1_326' title='bbox 2200 4161 2286 4214; x_wconf 87' lang='lat' dir='ltr'><em>ac</em></span> <span class='ocrx_word' id='word_1_327' title='bbox 2311 4130 2787 4243; x_wconf 69' lang='lat' dir='ltr'><em>sententiam</em></span> <span class='ocrx_word' id='word_1_328' title='bbox 2821 4130 3057 4243; x_wconf 70' lang='lat' dir='ltr'><em>sequi</em></span> <span class='ocrx_word' id='word_1_329' title='bbox 3107 4131 3378 4240; x_wconf 81' lang='lat' dir='ltr'><em>malit,</em></span> 
     </span>
     <span class='ocr_line' id='line_1_33' title="bbox 401 4241 3376 4365; baseline 0.002 -39"><span class='ocrx_word' id='word_1_330' title='bbox 401 4241 660 4350; x_wconf 85' lang='lat' dir='ltr'><em>modo,</em></span> <span class='ocrx_word' id='word_1_331' title='bbox 716 4275 941 4356; x_wconf 88' lang='lat' dir='ltr'><em>quam</em></span> <span class='ocrx_word' id='word_1_332' title='bbox 1008 4243 1201 4359; x_wconf 90' lang='lat' dir='ltr'><em>quis</em></span> <span class='ocrx_word' id='word_1_333' title='bbox 1236 4279 1324 4334; x_wconf 87' lang='lat' dir='ltr'><em>ue</em></span> <span class='ocrx_word' id='word_1_334' title='bbox 1377 4248 1800 4365; x_wconf 84' lang='lat' dir='ltr'><em>adoptarit,</em></span> <span class='ocrx_word' id='word_1_335' title='bbox 1837 4270 2194 4365; x_wconf 82' lang='lat' dir='ltr'><em>perpetuo</em></span> <span class='ocrx_word' id='word_1_336' title='bbox 2267 4275 2567 4360; x_wconf 82' lang='lat' dir='ltr'><em>teneat3</em></span> <span class='ocrx_word' id='word_1_337' title='bbox 2638 4249 3098 4334; x_wconf 84' lang='lat' dir='ltr'><em>elaboratum</em></span> <span class='ocrx_word' id='word_1_338' title='bbox 3150 4281 3197 4331; x_wconf 89' lang='lat' dir='ltr'><em>a</em></span> <span class='ocrx_word' id='word_1_339' title='bbox 3252 4281 3376 4332; x_wconf 87' lang='lat' dir='ltr'><em>no·</em></span> 
     </span>
     <span class='ocr_line' id='line_1_34' title="bbox 399 4277 3381 4482; baseline 0.003 -37"><span class='ocrx_word' id='word_1_340' title='bbox 399 4359 519 4445; x_wconf 81' lang='lat' dir='ltr'><em>bis</em></span> <span class='ocrx_word' id='word_1_341' title='bbox 571 4393 617 4444; x_wconf 93' lang='lat' dir='ltr'><em>e</em></span> <span class='ocrx_word' id='word_1_342' title='bbox 693 4421 726 4467; x_wconf 86' lang='lat'>,</span> <span class='ocrx_word' id='word_1_343' title='bbox 779 4387 869 4447; x_wconf 89' lang='lat' dir='ltr'><em>ut</em></span> <span class='ocrx_word' id='word_1_344' title='bbox 924 4365 1007 4446; x_wconf 87' lang='lat' dir='ltr'><em>in</em></span> <span class='ocrx_word' id='word_1_345' title='bbox 1073 4277 1325 4449; x_wconf 53' lang='lat' dir='ltr'><em>eacqem</em></span> <span class='ocrx_word' id='word_1_346' title='bbox 1380 4367 1669 4451; x_wconf 89' lang='lat' dir='ltr'><em>ratione</em></span> <span class='ocrx_word' id='word_1_347' title='bbox 1722 4369 2135 4481; x_wconf 86' lang='lat' dir='ltr'><em>constanter</em></span> <span class='ocrx_word' id='word_1_348' title='bbox 2188 4397 2646 4454; x_wconf 88' lang='lat' dir='ltr'><em>maneremus</em></span> <span class='ocrx_word' id='word_1_349' title='bbox 2664 4429 2687 4453; x_wconf 88' lang='lat'><strong>.</strong></span> <span class='ocrx_word' id='word_1_350' title='bbox 2727 4374 2810 4457; x_wconf 88' lang='lat' dir='ltr'><em>E</em></span> <span class='ocrx_word' id='word_1_351' title='bbox 2856 4398 3000 4481; x_wconf 85' lang='lat' dir='ltr'><em>quo</em></span> <span class='ocrx_word' id='word_1_352' title='bbox 3075 4367 3381 4482; x_wconf 88' lang='lat' dir='ltr'><em>quidem</em></span> 
     </span>
     <span class='ocr_line' id='line_1_35' title="bbox 397 4484 3453 4606; baseline 0.003 -44"><span class='ocrx_word' id='word_1_353' title='bbox 397 4506 535 4562; x_wconf 81' lang='lat' dir='ltr'><em>eon</em></span> <span class='ocrx_word' id='word_1_354' title='bbox 574 4509 849 4590; x_wconf 86' lang='lat' dir='ltr'><em>equens</em></span> <span class='ocrx_word' id='word_1_355' title='bbox 900 4484 1005 4597; x_wconf 82' lang='lat' dir='ltr'><em>est</em></span> <span class='ocrx_word' id='word_1_356' title='bbox 1031 4540 1059 4591; x_wconf 88' lang='lat'>,</span> <span class='ocrx_word' id='word_1_357' title='bbox 1118 4510 1251 4592; x_wconf 88' lang='lat' dir='ltr'><em>ut,</em></span> <span class='ocrx_word' id='word_1_358' title='bbox 1289 4484 1366 4601; x_wconf 83' lang='lat' dir='ltr'><strong><em>fi</em></strong></span> <span class='ocrx_word' id='word_1_359' title='bbox 1422 4517 1648 4600; x_wconf 89' lang='lat' dir='ltr'><em>quam</em></span> <span class='ocrx_word' id='word_1_360' title='bbox 1704 4486 1944 4604; x_wconf 78' lang='lat' dir='ltr'><em>legem</em></span> <span class='ocrx_word' id='word_1_361' title='bbox 2012 4518 2204 4571; x_wconf 83' lang='lat' dir='ltr'><em>anno</em></span> <span class='ocrx_word' id='word_1_362' title='bbox 2246 4491 2462 4606; x_wconf 90' lang='lat' dir='ltr'><em>prius</em></span> <span class='ocrx_word' id='word_1_363' title='bbox 2516 4517 2652 4574; x_wconf 90' lang='lat' dir='ltr'><em>aut</em></span> <span class='ocrx_word' id='word_1_364' title='bbox 2697 4489 3057 4606; x_wconf 88' lang='lat' dir='ltr'><em>posterius</em></span> <span class='ocrx_word' id='word_1_365' title='bbox 3138 4487 3378 4570; x_wconf 89' lang='lat' dir='ltr'><em>latam</em></span> <span class='ocrx_word' id='word_1_366' title='bbox 3449 4593 3453 4598; x_wconf 26' lang='grc'>,</span> 
     </span>
     <span class='ocr_line' id='line_1_36' title="bbox 400 4593 3381 4722; baseline 0.003 -41"><span class='ocrx_word' id='word_1_367' title='bbox 400 4593 944 4685; x_wconf 77' lang='lat' dir='ltr'><em>tradiderimus</em></span> <span class='ocrx_word' id='word_1_368' title='bbox 968 4661 996 4708; x_wconf 84' lang='lat'>‚</span> <span class='ocrx_word' id='word_1_369' title='bbox 1050 4635 1274 4715; x_wconf 86' lang='lat' dir='ltr'><em>quam</em></span> <span class='ocrx_word' id='word_1_370' title='bbox 1324 4603 1702 4719; x_wconf 84' lang='lat' dir='ltr'><em>quispiam</em></span> <span class='ocrx_word' id='word_1_371' title='bbox 1768 4609 1963 4692; x_wconf 84' lang='lat' dir='ltr'><em>alius</em></span> <span class='ocrx_word' id='word_1_372' title='bbox 1980 4663 2008 4714; x_wconf 84' lang='lat'>‚</span> <span class='ocrx_word' id='word_1_373' title='bbox 2074 4610 2342 4690; x_wconf 85' lang='lat' dir='ltr'><em>erroris</em></span> <span class='ocrx_word' id='word_1_374' title='bbox 2381 4605 2708 4722; x_wconf 81' lang='lat' dir='ltr'><em>accusari</em></span> <span class='ocrx_word' id='word_1_375' title='bbox 2763 4639 2910 4691; x_wconf 88' lang='lat' dir='ltr'><em>non</em></span> <span class='ocrx_word' id='word_1_376' title='bbox 2965 4603 3381 4713; x_wconf 84' lang='lat' dir='ltr'><em>debeamus,</em></span> 
     </span>
     <span class='ocr_line' id='line_1_37' title="bbox 401 4711 3379 4844; baseline 0.003 -45"><span class='ocrx_word' id='word_1_377' title='bbox 401 4711 619 4799; x_wconf 83' lang='lat' dir='ltr'><em>modo</em></span> <span class='ocrx_word' id='word_1_378' title='bbox 672 4715 957 4830; x_wconf 64' lang='lat' dir='ltr'><em>effdem</em></span> <span class='ocrx_word' id='word_1_379' title='bbox 1003 4722 1368 4838; x_wconf 84' lang='lat' dir='ltr'><em>Consules</em></span> <span class='ocrx_word' id='word_1_380' title='bbox 1432 4722 2013 4811; x_wconf 85' lang='lat' dir='ltr'><em>laudaverimus.</em></span> <span class='ocrx_word' id='word_1_381' title='bbox 2071 4732 2337 4840; x_wconf 86' lang='lat' dir='ltr'><em>Atque</em></span> <span class='ocrx_word' id='word_1_382' title='bbox 2392 4726 2524 4810; x_wconf 86' lang='lat' dir='ltr'><em>boc</em></span> <span class='ocrx_word' id='word_1_383' title='bbox 2578 4729 3090 4844; x_wconf 87' lang='lat' dir='ltr'><em>imperitorum</em></span> <span class='ocrx_word' id='word_1_384' title='bbox 3150 4723 3379 4809; x_wconf 89' lang='lat' dir='ltr'><em>bomi-</em></span> 
     </span>
     <span class='ocr_line' id='line_1_38' title="bbox 404 4833 3378 5048; baseline 0.001 -124"><span class='ocrx_word' id='word_1_385' title='bbox 404 4863 589 4940; x_wconf 62' lang='lat' dir='ltr'><em>,num</em></span> <span class='ocrx_word' id='word_1_386' title='bbox 636 4833 858 4954; x_wconf 63' lang='lat' dir='ltr'><em>caasa</em></span> <span class='ocrx_word' id='word_1_387' title='bbox 902 4872 1199 4930; x_wconf 42' lang='lat' dir='ltr'><em>monerew</em></span> <span class='ocrx_word' id='word_1_388' title='bbox 1239 4842 1500 4960; x_wconf 72' lang='lat' dir='ltr'><em>visum</em></span> <span class='ocrx_word' id='word_1_389' title='bbox 1552 4848 1700 4962; x_wconf 82' lang='lat' dir='ltr'><em>est,</em></span> <span class='ocrx_word' id='word_1_390' title='bbox 1756 4847 1939 4962; x_wconf 84' lang='lat' dir='ltr'><em>qui,</em></span> <span class='ocrx_word' id='word_1_391' title='bbox 1975 4844 2056 4962; x_wconf 82' lang='lat' dir='ltr'><em>Ji</em></span> <span class='ocrx_word' id='word_1_392' title='bbox 2112 4847 2349 4968; x_wconf 61' lang='lat' dir='ltr'><em>aliurn</em></span> <span class='ocrx_word' id='word_1_393' title='bbox 2403 4847 2489 4932; x_wconf 92' lang='lat' dir='ltr'><em>in</em></span> <span class='ocrx_word' id='word_1_394' title='bbox 2544 4876 2825 4934; x_wconf 81' lang='lat' dir='ltr'><em>annum</em></span> <span class='ocrx_word' id='word_1_395' title='bbox 2878 4841 3199 5048; x_wconf 52' lang='lat' dir='ltr'><em>conerri</em></span> <span class='ocrx_word' id='word_1_396' title='bbox 3254 4845 3378 4928; x_wconf 89' lang='lat' dir='ltr'><em>vi·</em></span> 
     </span>
    </p>

    <p class='ocr_par' dir='ltr' id='par_1_4' title="bbox 570 4989 3263 5048">
     <span class='ocr_line' id='line_1_39' title="bbox 570 4989 3263 5048; baseline -0 0"><span class='ocrx_word' id='word_1_397' title='bbox 570 4992 582 5014; x_wconf 77' lang='grc'><em>·“</em></span> <span class='ocrx_word' id='word_1_398' title='bbox 866 4989 873 5016; x_wconf 72' lang='lat'><em>⁵</em></span> <span class='ocrx_word' id='word_1_399' title='bbox 3129 4989 3263 5048; x_wconf 63' lang='lat' dir='ltr'><em>ent</em></span> 
     </span>
    </p>
   </div>
  </div>
 </body>
</html>
