4702 6338
1039 412 1128 498 ab
1173 414 1554 497 Hadriano·
1575 417 1795 521 usque
1842 406 1948 497 ad
1977 403 2528 521 Constantinum
2559 425 2669 497 Μ.
2971 421 2972 428 '
3079 436 3224 524 153

378 615 546 678 runt
590 593 762 692 suc,
814 592 1024 697 usque
1067 596 1155 674 ad
1221 593 1754 690 Alexandrum,
1816 592 1902 671 de
1997 621 2091 673 uo
2153 594 2221 671 id
2275 591 2497 694 ipsum
2547 591 2924 672 memoriae
2978 602 3335 700 proditum

380 702 478 779 est
522 698 703 799 [a].
765 699 927 774 Post
986 697 1467 775 Alexandrum
1492 717 1741 773 autem·
1763 721 1927 772 nece
1984 722 2022 772 e
2058 717 2202 772 erat
2254 695 2605 772 ICtorum
2651 694 3021 775 scientiam*
3066 699 3333 801 frangi,

383 801 616 903 quod,
677 797 1199 899 Rescriptorum
1255 798 1341 876 ad
1416 798 1726 898 privatos
1792 793 1913 873 usu
1986 793 2444 872 invalescente
2475 854 2500 892 ,
2563 822 2814 873 munus
2864 799 3153 898 dejure
3210 802 3337 879 resl-

386 901 730 1004 pondendi
786 902 1241 999 Imperatores
1276 898 1399 1001 ipsi
1441 898 1560 974 fibi
1608 897 2073 996 adrogabant,
2135 897 2446 998 adeoque
2509 897 3154 994 Jureconsultorum
3194 904 3335 979 exi-

383 1028 520 1103 gua
570 1001 943 1078 auffioritas
994 1000 1065 1076 8<
1096 1000 1391 1099 dignitas
1447 998 1579 1076 effe
1649 997 1987 1075 debebat.
2065 999 2313 1097 Itaque
2367 998 2470 1074 ab
2523 998 2925 1096 Hadriano,
2975 1000 3205 1103 usque,
3245 1004 3338 1082 ad

377 1103 902 1197 Alexandrum,
973 1102 1234 1177 multos
1268 1099 1574 1178 summae
1630 1097 2069 1174 scientiae&
2109 1097 2545 1176 auffioritatis
2608 1099 2830 1176 ICtos
2912 1105 3326 1202 reperimus:

376 1205 530 1305 post
564 1229 727 1281 eum
769 1199 908 1279 fere
962 1202 1195 1281 nullos
1227 1200 1340 1279 vel
1377 1198 1855 1302 paucissimos,
1910 1199 2037 1300 qui·
2086 1198 2333 1301 aliquo
2390 1223 2686 1278 numero
2729 1197 2986 1280 fuerint
3012 1261 3040 1302 ,
3087 1204 3200 1284 vel
3243 1202 3334 1284 ad

374 1304 682 1407 posteros
716 1304 923 1382 clari.
1642 1343 1650 1349 ·

494 1421 501 1440 ⁶
1716 1398 1784 1501 §a
1891 1401 2001 1477 11.

476 1582 1133 1683 Iurisconsultorum
1185 1601 1430 1662 autem
1495 1581 1744 1660 eadem
1788 1579 1981 1679 sere,
2036 1594 2227 1684 quae
2253 1581 2358 1659 ab·
2384 1579 2719 1682 Augusto*
2764 1600 2959 1680 orta,
3025 1587 3208 1666 ratio
3236 1577 3338 1665 et-

366 1686 519 1763 iam
569 1685 675 1762 his
745 1685 1171 1785 temporibus
1223 1683 1519 1761 mansit.
1588 1684 1668 1761 Id
1726 1709 1953 1760 unum
2018 1683 2410 1760 immutasse
2455 1681 2673 1761 fertur
2739 1686 3185 1784 Hadrianus,
3255 1707 3337 1764 ut

373 1811 523 1863 non
577 1786 872 1886 amplius
919 1783 1338 1862 facultatem
1389 1783 1833 1886 respondendi
1879 1810 1922 1860 a
1969 1785 2286 1885 Principe
2337 1804 2570 1886 petere
2620 1786 2879 1864 neceffe
2942 1786 3104 1864 effer
3155 1787 3336 1887 [b]:

371 1886 572 1988 quod*
618 1885 953 1987 quamdiu
1005 1887 1399 1982 duraverit,
1450 1906 1642 1962 certo
1677 1886 1819 1962 diei¹
1876 1911 2017 1962 non
2073 1884 2298 1986 potest-
2358 1883 2533 1984 [c].
2596 1887 2950 1962 Ceterum
3017 1888 3128 1964 hic
3210 1890 3344 1966 mi-

373 1986 652 2064 nuenda·
694 1987 789 2064 est
828 1988 1088 2089 opinio
1142 1988 1594 2065 Hotomanni·
1654 1986 1754 2085 [d
1775 1984 1851 2082 ],
1903 1987 2386 2087 aliorumque,
2436 1986 2558 2088 qui
2598 1988 2802 2063 ICtis
2855 1987 3111 2064 horum
3164 2009 3343 2066 tem-

473 2112 628 2164 rum
671 2087 1124 2166 celeberrimis
1168 2111 1430 2189 parum
1532 2088 1686 2163 retii
1735 2087 2086 2182 statuunt,
2146 2085 2336 2187 quafi
2387 2085 2460 2161 8<
2499 2087 2836 2187 peregrini·
2883 2088 3237 2189 plerique,
3265 2089 3343 2167 8<

405 2190 632 2265 atinae
673 2186 951 2287 linguae
998 2188 1425 2290 rationisque
1534 2212 1827 2264 omanae
1875 2212 2121 2288 parum
2172 2187 2366 2286 gnari
2398 2184 2692 2264 fuerint:
2742 2186 3208 2292 scribendique
3230 2216 3344 2290 ge-

375 2314 537 2367 nere
570 2310 899 2384 utantur,
939 2314 982 2365 a
1014 2287 1225 2367 consu
1246 2288 1533 2368 etudine
1584 2289 1801 2368 latina
1842 2288 2045 2364 valde
2090 2288 2505 2364 abhorrente
2539 2345 2560 2364 .
2618 2288 2934 2365 Primum
2979 2292 3173 2367 enim·
3231 2317 3346 2392 pe-

497 2390 678 2467 rinos
725 2387 960 2485 fuisse,
1016 2390 1445 2490 quisdicat,
1494 2413 1679 2488 „quos
1738 2388 2029 2468 sciamus
2082 2389 2161 2464 in·
2219 2387 2503 2464 summis
2567 2387 2941 2467 honoribus
2966 2447 2992 2486 ,
3060 2392 3139 2469 &.
3197 2416 3345 2468 ma-

375 2492 445 2590 gi
494 2490 808 2586 ratibus,
869 2490 1209 2566 eluxisse?
1259 2491 1341 2565 Si
1396 2490 1518 2591 qui
1577 2509 1818 2563 autem
1887 2514 1927 2564 e
1985 2488 2189 2587 Syria
2252 2488 2372 2563 vel²
2435 2487 2812 2566 Phoenicia
2868 2491 3141 2568 oriundi
3202 2489 3349 2569 sue-

372 2592 554 2687 rint,
610 2592 713 2668 uti
758 2590 1050 2667 traditur
1089 2590 1183 2666 de·
1233 2589 1550 2689 Ulpiano
1606 2588 1678 2664 &
1727 2589 2156 2689 Papiniano:
2217 2589 2620 2688 peregrinos·
2662 2610 2899 2668 tamen
2943 2592 3196 2669 exinde
3247 2594 3348 2670 di-

374 2716 526 2768 cere
563 2717 708 2767 non
742 2690 981 2791 postis,
1022 2715 1192 2768 cum
1239 2690 1311 2765 8<
1349 2691 1422 2765 in
1465 2690 1631 2765 urbe
1677 2690 1876 2784 nati,
1946 2687 2018 2764 8<
2088 2713 2334 2765 eorum
2395 2710 2714 2791 parentes
2779 2691 3158 2788 majoresve
3200 2696 3345 2789 jam

371 2791 641 2870 dudum
673 2790 957 2868 civitate
991 2791 1233 2868 donati
1284 2788 1415 2867 effe
1460 2790 1827 2890 potuerint
1862 2815 1883 2866 :
1933 2789 2194 2865 'multos
2227 2790 2426 2875 enim⁴
2461 2790 2538 2866 in‘
2568 2791 2940 2890 provinciis
2989 2793 3172 2869 cives
3196 2796 3349 2870 Ro-

373 2916 622 2971 manos
673 2888 907 2989 fuisse,
962 2890 1084 2969 sub
1140 2889 1599 2985 CaesaribuS,
1663 2891 1887 2967 etiam
1948 2915 2035 2966 ex
2092 2890 2452 2990 provincia
2506 2891 2875 2987 oriundOS,
2939 2917 3150 2971 nemo
3187 2892 3286 2971 est
3314 2951 3345 2993 ‚

375 2993 549 3095 quin
590 2989 795 3071 sciat:
850 3015 1192 3094 praeterea
1243 3015 1487 3069 autem
1535 2993 1751 3068 etiam
1832 2990 2327 3068 constitutione
2384 2993 2734 3068 Antonini
2783 2993 3199 3072 Caracallae
3253 2994 3349 3071 ci-

374 3120 495 3171 ves
552 3094 863 3171 Romani
896 3093 1122 3172 effeeti
1176 3114 1373 3171 erant
1428 3093 1709 3192 ingenui
1778 3114 2074 3188 omneS,
2104 3091 2205 3168 'in
2255 3094 2593 3171 Romano
2666 3093 3170 3195 imperio[e].
3241 3097 3348 3172 O-

369 3195 720 3272 rationem
752 3216 991 3274 autem
1032 3221 1276 3273 eorum
1325 3194 1659 3289 latinam,
1740 3192 1794 3269 si
1840 3194 1998 3294 quis
2058 3194 2242 3270 reE'te
2303 3195 2417 3271 vel
2474 3219 2593 3294 per
2649 3193 2762 3289 se,
2816 3196 2930 3271 vel
2980 3197 3225 3272 aetatis
3294 3197 3349 3273 i-

375 3294 542 3372 stius
580 3297 893 3394 ratione,
933 3296 1288 3391 aestimet,
1341 3293 1829 3396 reprehendere
1879 3318 2025 3372 non
2077 3293 2331 3396 poffit:
2384 3295 2657 3397 virique
2688 3294 2878 3374 doffl
2930 3293 3089 3375 satis
3126 3322 3170 3374 a
3221 3296 3346 3375 cri·

374 3396 673 3477 minibus
690 3397 785 3476 ὃς·
813 3398 1003 3479 vitiis
1029 3394 1478 3477 defenderunt
1512 3394 1650 3497 [f]
1672 3453 1692 3472 .

1699 3574 1771 3677 §⁴
1870 3576 2014 3655 ΙΙΙ.
2080 3596 2085 3601 ’

473 3760 636 3860 Jam
689 3760 776 3840 ad
823 3759 1060 3841 Sestas
1120 3759 1473 3863 ICtorum
1537 3756 2076 3859 proficiscimur.
2142 3757 2468 3856 Quarum
2518 3756 2966 3837 dissensiones
3013 3757 3134 3838 etfi
3191 3786 3339 3838 non

374 3862 581 3965 plane
616 3863 951 3942 cessarunt
985 3866 1092 3941 his
1137 3861 1610 3962 temporibus,
1652 3859 1911 3960 quippe
1942 3857 2309 3956 Iustiniani
2354 3878 2666 3958 tempore
2705 3860 2886 3937 haud
2945 3888 3203 3976 paucae
3248 3861 3352 3939 su·

375 3962 753 4064 pereffent,
816 3968 1069 4066 quibus
1129 3965 1257 4047 ille
1308 3960 1710 4039 definiendis
1759 3958 2388 4060 componendisque
2438 3984 2555 4060 per
2599 3958 2683 4036 L.
2741 3962 3142 4037 Deciliones
3181 3985 3342 4060 ope-

374 4084 527 4141 ram
575 4064 809 4141 daret:
856 4086 1093 4143 tamen
1142 4088 1383 4141 earum
1431 4059 1621 4162 quasi
1677 4060 1893 4137 aestus
1950 4060 2387 4161 aliquantum
2443 4059 3135 4156 deferbuit,condito
3186 4062 3354 4137 Edi-

377 4162 499 4244 ἒὶο
555 4167 944 4268 Perpetuo,
978 4187 1074 4244 ·ut
1124 4165 1334 4267 supra
1375 4161 1817 4242 tradidimus:
1882 4184 2344 4263 exortumque
2396 4161 2492 4239 est
2538 4188 2750 4262 genus
2799 4186 3066 4239 novum
3122 4164 3344 4239 ICto—

3051 4287 3207 4338 rum
3224 4319 3254 4361 ‚
3287 4288 3290 4293 ·

423 4492 462 4528 a
550 4467 837 4549 Lamprid.
885 4468 1181 4530 Alexandr.
1214 4488 1261 4528 c.
1322 4467 1421 4530 16.
1858 4485 1867 4509 ²
1932 4465 1974 4525 d
2054 4467 2377 4525 Hotomann.
2433 4462 2833 4525 Antiribom‘an.
2873 4484 2922 4525 c.
2970 4484 2994 4524 1
3008 4484 3066 4526 2.

424 4547 460 4609 b
549 4551 619 4610 L.
667 4569 722 4611 2.
769 4552 828 4626 §.
871 4571 971 4628 47.
1010 4554 1088 4612 D.
1122 4550 1188 4610 de
1223 4552 1326 4610 Or.
1358 4553 1490 4625 Jur.
1931 4569 1959 4607 e
2042 4568 2101 4608 v.
2127 4551 2196 4607 A.
2229 4546 2529 4627 Schulting.
2552 4551 2708 4606 Orat.
2727 4569 2834 4625 qua
2852 4544 3203 4624 disquiritur,
3239 4540 3354 4602 ad-

373 4463 508 4711 ‘ej
539 4632 785 4710 Eunus-ii
848 4649 1008 4693 certe
1060 4629 1422 4712 temporibus
1478 4625 1665 4691 rursus
1715 4628 1845 4710 peti
1964 4628 2239 4720 pandusrge
2266 4626 2336 4701 sit
2393 4625 2752 4686 Trebonianus
2792 4627 2905 4687 διε.
2938 4643 3001 4706 p.
3042 4625 3180 4699 898.
3221 4622 3353 4702 sqq.

368 4753 379 4769 .
465 4709 710 4772 solitum
754 4711 950 4788 fuiffe,
985 4712 1155 4775 docet
1199 4713 1354 4773 idem
1400 4713 1615 4790 Eunap.·
1645 4709 1709 4771 in
1732 4711 1845 4769 vit.
1974 4708 2037 4768 in
2073 4706 2390 4789 Jurtsprud.
2434 4707 2702 4786 Antejust.

462 4782 795 4869 Chrysanth.
815 4812 875 4873 p.
899 4794 1033 4854 286.
1053 4793 1326 4873 exemplo
1361 4791 1651 4851 Innocentis·
1675 4790 1852 4853 ICti.
1895 4786 2003 4872 [f]
2048 4810 2108 4851 v.
2156 4786 2368 4850 Dukeri
2407 4788 2606 4868 Opufiu
2650 4788 2716 4845 de
2759 4782 3355 4864 Latinit.Jurifi·onfid·

468 4870 647 4934 Vixit
687 4893 886 4937 aurem
925 4874 1229 4953 Eunapms
1274 4892 1541 4958 tempore
1580 4872 1878 4971 Impera·¹
1971 4887 2142 4929 torum
2196 4888 2254 4949 p.
2317 4888 2455 4948 322·
2503 4870 2566 4931 δι
2613 4887 2750 4947 292.
2795 4866 2858 4930 δι
2899 4862 3358 4946 Bynkershoekius

470 4953 619 5016 toris
651 4954 1035 5020 Constantini
1084 4955 1186 5021 M.
1972 4948 2109 5030 obs.
2153 4949 2361 5029 VIII,
2416 4967 2511 5030 ις.
