4702 6338
869 459 919 536 'a
970 449 1358 557 Theodcfio.
1375 460 1567 558 Jun.
1618 445 1837 555 usque
1872 447 1970 530 ad
1988 445 2549 556 justinianum,
2964 477 3105 550 291

268 613 543 697 deretur
575 668 608 709 ,
657 631 873 712 quem
940 609 1016 693 in
1071 609 1210 687 tori
1246 667 1274 706 ,
1326 609 1734 715 imperiique
1800 612 2228 696 consortium
2284 612 2616 717 reciperet
2688 603 2840 709 [n]
2882 666 2905 688 .
2988 609 3254 704 Fadius

268 718 507 818 itaque
562 735 750 790 anno
794 709 1060 793 Christi
1112 710 1503 790 CCCCL.
1549 713 1621 792 8<
1666 716 2019 817 Augustus
2088 715 2162 793 8<
2214 715 2502 794 maritus
2560 711 2918 812 Augustae
2970 711 3066 791 est
3129 712 3268 789 hac
3340 734 3353 739 ·

268 817 421 916 lege
457 874 481 912 ,
528 835 606 891 ut
667 811 729 888 ei
785 813 1258 910 virginitatem
1309 813 1611 892 ,retinere
1671 816 1864 901 suam
1913 818 2170 894 liceret.
2225 813 2618 916 Religionis
2675 839 2757 890 ac
2794 812 3076 914 pietatis
3131 812 3268 890 stu4

267 915 672 996 dioiiffimus
723 910 911 991 fuit:
983 939 1263 1015 quoque
1312 915 1527 1014 magis
1581 918 1928 1018 religionis
1980 917 2282 1002 studium
2335 918 2517 1001 'mter
2571 913 3010 993 Christianos
3068 912 3269 994 flore-

269 1038 421 1115 ret,
532 1039 725 1093 acem
790 1038 952 1092 cum
1013 1014 1223 1093 Persis
1292 1014 1365 1092 8(
1429 1018 1765 1096 Vandalis
1799 1077 1825 1116 ,
1937 1045 2099 1098 uam
2157 1019 2420 1096 bellum
2451 1075 2479 1115 ‚
2528 1012 2751 1098 facere
2812 1015 3102 1094 maluit.
3172 1017 3270 1093 E-

267 1119 448 1196 dixit
596 1120 746 1196 buit
800 1142 885 1194 ue
957 1115 1334 1200 concilium
1397 1117 1967 1200 Chalcedonene
2016 1147 2036 1198 :
2123 1120 2238 1199 cui
2295 1117 2435 1222 ipse
2498 1114 2791 1222 praefuit
2852 1117 3035 1218 [⁰l·
3087 1118 3263 1194 Me·

267 1221 638 1311 motabiles
699 1218 774 1297 su
874 1241 962 1295 eo
1024 1216 1297 1305 Attilae
1355 1218 1784 1299 Hunnorum
1844 1223 2017 1324 regis
2079 1247 2162 1299 ex
2253 1222 2555 1302 ditiones
2602 1218 3049 1301 extiterunt:
3121 1218 3251 1319 qui

267 1346 437 1401 cum
499 1320 892 1421 ingentibus
929 1319 1144 1420 copiis
1193 1317 1579 1428 provincias
1630 1323 1900 1438 imperii
1941 1327 2137 1400 Rom
2185 1323 2256 1400 ni
2305 1324 2379 1399 in
2420 1319 2851 1415 Occidente,
2899 1339 3271 1421 tamquam

268 1423 473 1528 pestis
521 1423 595 1500 8<
646 1420 1003 1506 calamitas
1054 1419 1395 1522 quaedam
1437 1477 1463 1516 ,
1515 1432 1809 1522 pervaitt
1839 1482 1864 1520 ,
1937 1422 2477 1525 vastitatemque
2529 1420 2858 1498 omnibus
2919 1419 3091 1498 locis
3167 1421 3273 1497 in·-

267 1527 441 1605 tulit
483 1552 503 1602 :
570 1522 854 1600 tandem
907 1541 1147 1597 autem
1204 1523 1560 1621 repentina
1624 1522 1967 1624 sanguinis
2031 1524 2397 1626 eruptione
2424 1578 2453 1621 ,
2510 1520 2586 1598 in
2637 1519 2835 1620 ipsis,
2892 1544 3055 1597 cum
3114 1520 3271 1620 pul-

272 1652 388 1705 cra
433 1624 667 1726 aliqua
715 1621 948 1725 puella
981 1678 1008 1718 ‚
1069 1623 1329 1725 nuptiis
1390 1623 1738 1704 extinRus
1794 1624 1890 1704 est
1926 1681 1948 1704 .
2016 1625 2225 1704 Obiit
2279 1622 2693 1710 Marcianus
2759 1644 2951 1706 anno
2996 1620 3272 1722 imperii

269 1727 472 1817 {exto
507 1782 527 1803 .

1591 1824 1658 1930 §.
1761 1829 1900 1914 vl.

317 2003 326 2088 ᾗ
379 2016 691 2092 Mortuo
741 2004 1121 2089 Marciano
1139 2063 1167 2103 ‚
1225 2029 1288 2084 a.
1345 2004 1527 2094 Chr.
1600 2008 2150 2089 CCCCLVII.
2197 2035 2345 2100 tto
2405 2010 2462 2085 Ι.
2504 2006 2926 2116 cognomine
2974 2005 3272 2106 Thrax,

275 2111 419 2193 five
449 2118 804 2209 Magnus,
845 2130 1111 2196 creatus
1154 2106 1254 2184 est
1302 2108 1729 2211 Imperator,
1787 2110 2064 2213 Aspuis
2111 2111 2342 2189 Gothi
2391 2111 2693 2199 hominis
2740 2109 3047 2189 fae’tione
3085 2109 3116 2209 [
3127 2129 3181 2209 p
3200 2107 3277 2207 ],

330 2214 403 2292 ui
470 2213 653 2291 inter
714 2209 1050 2288 Patricios
1098 2207 1408 2297 adlee'tus
1465 2211 1774 2296 multum
1841 2211 2261 2300 auebritate
2312 2212 2391 2290 in
2457 2237 2545 2288 eo
2615 2212 2863 2290 ordine
2933 2209 3216 2287 valebat
3246 2267 3271 2288 .

359 2337 451 2392 ua
522 2311 611 2390 de
673 2307 877 2388 causa
929 2310 1085 2387 Leo
1143 2311 1605 2397 Artaburium
1648 2371 1676 2410 ,
1750 2310 2027 2413 Asparis
2076 2311 2305 2394 filium
2349 2369 2379 2410 ,
2448 2310 2823 2393 Caesarem
2883 2309 3108 2406 dixit,
3157 2309 3273 2387 de-

279 2411 525 2518 sponsa
571 2412 640 2490 ei
683 2410 834 2490 filia
882 2407 1057 2489 sua:
1115 2409 1350 2511 postea
1394 2431 1631 2489 tamen
1681 2436 1877 2490 reum
1937 2411 2308 2512 majestatis
2351 2412 2623 2492 facium
2679 2436 2844 2490 cum
2905 2430 3098 2511 patre
3156 2435 3274 2488 ne·

281 2518 422 2612 cari
497 2511 685 2616 juffit
750 2567 773 2588 .
849 2510 1020 2599 Fui-t
1099 2512 1175 2587 in
1249 2513 1490 2588 Leone
1572 2536 1908 2613 magnum
1966 2512 2044 2591 8<
2110 2512 2459 2613 religionis
2541 2513 2619 2592 8<
2689 2512 2870 2616 pacis
2919 2508 3222 2588 studium
3251 2541 3277 2590 ε

285 2618 612 2718 belloque
668 2636 911 2715 parum
967 2635 1009 2687 a
1034 2630 1171 2720 ,tus
1222 2611 1497 2699 habitus
1564 2611 1705 2701 est..
1769 2615 2019 2729 Itaque
2079 2614 2337 2711 etiam,
2399 2640 2564 2693 cum
2615 2611 2974 2692 Vandalos
3034 2613 3107 2689 in
3166 2613 3271 2688 A·

281 2715 457 2797 frica
519 2715 706 2791 bello
779 2712 982 2812 adgre
1039 2737 1115 2789 us
1176 2710 1338 2790 effet
1370 2770 1396 2809 ‚
1446 2711 1666 2794 dufiiu
1717 2712 2015 2801 Balihl‘ci
2049 2772 2076 2812 ‚
2139 2739 2287 2792 rem
2355 2716 2540 2793 male
2615 2713 2810 2816 geflit
2843 2770 2868 2809 ,
2910 2735 3267 2812 magnam-

286 2843 430 2924 que
494 2813 966 2901 calamitatem
1018 2814 1282 2916 accepit
1355 2811 1517 2915 [q]
1564 2841 1585 2893 ε
1647 2816 1723 2893 in
1801 2816 2100 2900 Oriente
2159 2817 2515 2921 ceteroqui
2580 2816 2814 2895 otium
2882 2811 2955 2891 8<
3028 2836 3274 2918 pacem

291 2917 454 2999 latis
518 2936 784 2996 tutatus
829 2970 852 2992 .
913 2915 1296 3018 Imperavit
1358 2940 1577 3000 annos
1624 2916 1879 3006 xvu.

1590 3096 1660 3201 §.
1778 3099 1959 3184 vn.

390 3281 618 3366 Leoni
687 3279 991 3368 succeffit
1069 3307 1210 3366 uzo
1277 3283 1374 3358 Π.
1443 3280 1717 3385 hocque
1782 3306 2070 3367 mortuo
2130 3303 2326 3387 patre
2376 3287 2523 3387 ejus
2596 3314 2807 3366 zano
2859 3284 3269 3388 Ifhuricus,

296 3410 475 3462 anno
535 3380 817 3475 Christi*
862 3383 1478 3470 CCCCLXXV.
1513 3386 1656 3465 Hic
1698 3386 1943 3465 humili
1995 3390 2157 3466 loco
2207 3410 2401 3467 ortus
2435 3446 2461 3485 ,
2513 3391 2802 3487 gradum
2866 3388 2953 3469 ad
2988 3387 3270 3492 imperi-

297 3512 416 3563 um
474 3486 690 3564 talem
741 3481 905 3564 fecit
933 3541 955 3562 .
1025 3485 1308 3564 Dueior
1357 3488 1696 3569 exercitus
1746 3490 1972 3568 Leoni
2022 3489 2426 3590 imperatori
2480 3488 2690 3567 fidem
2744 3490 2817 3571 δε
2871 3489 3275 3568 industriam

298 3586 397 3664 ita
445 3589 865 3691 probaverat
908 3596 936 3685 3
1002 3610 1080 3665 ut
1131 3587 1240 3664 hic
1291 3585 1484 3677 snam
1546 3591 1611 3667 ei
1663 3588 1964 3668 sororem
2021 3591 2093 3669 in
2156 3589 2686 3669 matrimonium
2751 3590 2941 3670 daret
2979 3647 2999 3668 .
3069 3591 3274 3668 Cum

299 3713 460 3766 vero
509 3691 667 3766 Leo
715 3690 1013 3767 moriens
1071 3690 1377 3772 Zenonis
1428 3688 1655 3775 filium
1717 3693 2031 3775 Leonem
2080 3695 2225 3791 jun.
2295 3713 2624 3791 nepotem
2683 3691 2884 3769 suum
2940 3718 3025 3769 ex
3092 3690 3278 3768 soro·

299 3814 366 3867 re
394 3847 420 3886 ,
471 3793 986 3893 Imperatorum
1031 3788 1288 3871 fecisset
1320 3848 1347 3888 ,
1409 3789 1521 3878 hic
1566 3816 1754 3874 anno
1807 3791 1957 3893 post
2017 3793 2316 3870 moriens
2373 3793 2548 3893 patri
2594 3790 2715 3870 suo
2760 3793 3130 3895 imperium
3177 3817 3278 3869 re-

299 3888 551 3993 liquit:
607 3892 801 3994 quod
849 3893 1023 3971 vivo
1091 3893 1287 3989 filio,
1344 3894 1665 3994 quamvis
1716 3892 2003 3979 nomine
2068 3913 2325 3973 careret
2354 3950 2380 3986 ,
2428 3916 2500 3969 re
2552 3912 2792 3975 tamen
2837 3918 3000 3971 vera
3052 3892 3273 3970 adrni-

304 3992 699 4078 nistraverat
752 3992 894 4173 ἓν]
925 4050 945 4072 .
998 3995 1110 4071 Ac
1167 3996 1369 4072 Zeno
1417 3993 1702 4097 quidem
1755 3994 2125 4097 imperium
2179 3994 2429 4072 XVII.
2482 4017 2699 4070 annos
2752 3995 3026 4073 tenuit.
3067 3995 3268 4069 Nam

304 4097 618 4196 quamvis
659 4092 748 4173 'su
801 4152 806 4157 -
843 4096 1045 4175 initia
1093 4093 1476 4196 Basiliscus
1515 4156 1540 4195 ‚
1583 4096 1813 4177 uxoris
1861 4099 2007 4196 ejus
2065 4096 2457 4173 avunculus
2485 4152 2512 4191 ,
2559 4092 2891 4173 seditione
2942 4094 3013 4170 in
3089 4092 3279 4171 Cili-

306 4195 405 4287 cia
479 4195 620 4300 [t]
675 4198 980 4282 excitata
1014 4256 1050 4305 ,
1105 4196 1659 4281 dominationem
1710 4195 2101 4379 gdnpuiffet
2130 4255 2158 4299 ,
2220 4195 2295 4281 δε
2344 4193 2582 4299 fugere
2638 4196 2854 4274 etiam
2904 4195 3274 4373 Zengtetem

1837 4324 1912 4379 o*
1940 4328 1983 4379 2
3020 4321 3059 4373 c
3151 4340 3183 4361 α

314 4649 884 4802 [ηέἰ.Τέοῗῗ-.ε(.ι.1.
939 4678 993 4721 1.
1058 4657 1245 4743 prosp.
1310 4656 1514 4726 chron.
1556 4652 1940 4903 Evae-ip}
1971 4658 2202 4823 ἔζίιῖζ.
2223 4656 2435 4802 53²de
2445 4658 2523 4803 ·1.
2565 4657 2625 4721 6.
2653 4656 2748 4737 sq.
3033 4783 3044 4790 .

315 4811 432 4893 [⁰]
472 4820 685 4902 Evarg.
741 4820 833 4885 11.
908 4841 962 4883 ι.
1009 4820 1219 4886 concil.
1272 4824 1348 4883 T.
1384 4820 1499 4885 lv.
1525 4837 1588 4903 p.
1634 4804 1800 4899 574.‘
1871 4817 1936 4899 s]
1980 4824 2189 4901 Evagr.
2236 4819 2361 4883 111.
2404 4839 2460 4901 3.
2490 4818 2588 4883 Ad
2608 4815 2984 4901 tyrannidem
3013 4813 3276 4907 Basilisci

402 4914 532 4981 575·
1790 4901 1808 4974 l
1902 4903 2161 4983 pertinet
2202 4902 2272 4965 L.
2316 4904 2412 4973 ιβ.
2444 4906 2519 4969 C.
2546 4900 2618 4965 de
2651 4900 2755 4961 55.
2785 4898 2936 4963 Exi.
2968 4917 3031 4965 v·
3071 4902 3274 4979 Cuyac.

327 4972 459 5058 [p]
499 4981 709 5063 Evagr·
753 4985 835 5047 H·
878 4985 951 5048 Β.
995 4983 1085 5046 11.
1127 4986 1219 5046 16.
1259 4981 1514 5046 Marcell.
1566 4978 1770 5047 cbwn.
1902 4978 2042 5062 obj:
2083 4981 2211 5045 ΙΙΙ.
2259 5000 2353 5060 19·
