4702 6338
1511 448 1653 542 148
1966 446 2121 526 Lib.
2174 459 2296 530 III.
2349 456 2523 554 Cap.
2574 463 2630 534 Ῑ.
2699 463 2819 536 De
2849 456 3467 562 jurisprudentia
3517 492 3712 545 nova

1400 597 1579 696 Quo
1616 598 1901 677 nomine
1940 599 2247 698 tribut0,
2300 626 2512 680 omne
2577 601 2872 680 Senatus
2907 605 3297 709 populique
3338 610 3663 687 Romani
3728 609 3822 687 ad³
3879 634 4042 688 eum
4092 609 4382 689 transla-

1405 719 1564 775 tum
1602 700 1697 778 est
1745 702 2117 800 imperium
2173 701 2363 801 [d],
2418 701 2604 800 faeta
2650 703 2799 806 lege
2831 704 2977 803 illa,
3017 733 3198 809 quae
3234 709 3468 811 postea
3507 719 3665 789 Lex,
3693 710 3940 810 Regia
3984 711 4180 790 dieta
4237 711 4372 790 est:

1403 801 1488 878 de
1525 827 1664 903 qua
1702 803 1943 905 paullo
1976 802 2129 906 post
2174 829 2637 908 exponemuS.

2749 993 2817 1098 ς.
2926 995 3022 1070 11.

1507 1181 1699 1281 Vix,
1753 1181 1893 1286 ipse
1942 1183 2298 1285 Augustus
2336 1179 2723 1285 speraverat
2753 1240 2777 1278 ,
2829 1178 2979 1258 fieri
3025 1181 3250 1283 poffe,
3313 1205 3391 1261 ut
3428 1183 3551 1261 fibi
3607 1182 3724 1260 uni
3798 1201 4135 1285 perpetuo
4169 1174 4261 1259 *su
4280 1209 4377 1259 m-

1406 1310 1523 1362 ma
1563 1287 1883 1364 omniurn
1920 1311 2147 1363 rerum
2200 1312 2243 1363 a
2305 1287 2374 1362 S.
2431 1286 2508 1361 P.
2541 1285 2639 1383 Q.
2675 1286 2768 1360 R.
2807 1284 3361 1386 permitteretur.
3453 1288 3701 1387 Itaque
3737 1344 3761 1380 ,
3835 1282 4036 1387 quod'
4079 1283 4167 1360 ad
4234 1285 4373 1360 hoc

1402 1387 1617 1490 usque
1667 1410 1942 1489 tempus
1981 1389 2309 1465 habuerat
2356 1387 2767 1487 imperium,
2814 1385 3169 1486 deponere·
3201 1388 3553 1486 cogitabat
3582 1444 3600 1464 .
3697 1389 3780 1463 In
3892 1413 3982 1482 ua
4041 1385 4372 1463 delibera-

1400 1491 1607 1567 tione
1643 1515 1804 1567 cum
1842 1487 2251 1566 adhibuiffet
2286 1489 2360 1566 in
2424 1487 2786 1565 confilium
2846 1486 3152 1564 summos
3195 1487 3413 1585 duos,
3480 1488 3740 1590 sibique
3790 1488 3838 1565 fi
3888 1485 4213 1566 eliffimos
4310 1513 4381 1562 a·

1400 1592 1673 1688 micos,
1720 1593 1837 1667 M.
1888 1593 2323 1693 Agrippam,
2375 1591 2448 1667 8<
2481 1593 3024 1685 Maecenatem,
3096 1589 3352 1694 illeque
3392 1589 3844 1668 vehementer
3891 1591 3954 1667 ei
4020 1546 4358 1676 suafflfet,

1402 1713 1493 1769 ut.
1518 1693 1820 1771 redderet
1854 1692 2118 1793 legibus
2162 1692 2664 1793 rempublicam
2713 1690 2901 1791 [e],
2963 1693 3345 1770 Maecenas
3387 1718 3552 1772 eum
3603 1694 3924 1771 oratione
3992 1688 4364 1798 prudentis-

1402 1793 1579 1871 fima
1614 1794 2017 1872 cohortatus
2074 1794 2218 1889 est,
2270 1793 2708 1897 perpulitque
2747 1851 2773 1890 ,
2832 1815 2910 1870 ut
2977 1794 3273 1871 retinere
3334 1795 3548 1872 vellet
3603 1793 4153 1896 rempublicam,
4202 1817 4357 1893 pro-

1412 1915 1689 1997 pterea,
1743 1896 1937 1996 quod
1994 1897 2049 1972 is
2082 1896 2244 1972 effet
2314 1920 2543 1973 rerum
2600 1895 3108 2008 status,.iique
3192 1920 3462 1992 mores,
3524 1897 3655 1998 qui·
3718 1894 4086 1973 necessario
4149 1919 4373 1970 unum

1400 1997 1786 2098 principem
1843 1995 2281 2096 flagitarent:
2360 1997 2575 2092 ade0,
2633 2017 2752 2096 ut,
2795 1994 2843 2072 s1
2899 1997 3050 2112 iple‘
3080 1997 3391 2102 princeps
3438 1995 3569 2076 effe
3629 1999 3907 2092 nollet,
3964 1997 4138 2073 alius
4190 1997 4367 2072 exti-

1406 2121 1603 2174 turus
1639 2097 1803 2174 esset
1856 2105 1915 2176 :'
1970 2097 2300 2199 deditque
2365 2096 2852 2201 sapientissima
2924 2100 3360 2201 imperandi,
3447 2099 3683 2202 reique
3754 2099 4071 2200 publicae
4124 2097 4368 2174 consti·
4411 2157 4416 2160 -

1406 2198 1704 2277 tuendae
1750 2198 2076 2295 confilia,
2133 2201 2385 2301 quibus
2441 2199 2491 2276 fi
2520 2200 3094 2302 obtemperasset,
3143 2200 3216 2279 8<
3276 2202 3450 2279 bene
3495 2200 3567 2277 8(
3640 2221 3805 2277 tuto
3866 2199 4364 2300 rempublicam

1406 2299 1943 2377 administraret.
1998 2302 2207 2399 Quae
2241 2301 2483 2378 omnia
2540 2302 2918 2379 memoriae
2959 2327 3040 2378 ac
3088 2302 3335 2379 litteris
3358 2305 3628 2405 egregie
3658 2302 3959 2404 prodidit
4015 2302 4166 2378 Dio
4194 2298 4364 2377 Cas-

1407 2400 1540 2476 sius
1584 2398 1761 2511 [Π.
1810 2402 2055 2504 Atque
2094 2401 2212 2478 ille
2248 2402 2484 2505 postea
2524 2404 2600 2481 in
2650 2402 2988 2510 plerisque
3022 2405 3523 2510 rempublicam
3566 2399 3652 2483 eir
3721 2429 3804 2482 ea
3879 2402 4359 2506 praeceptione

1409 2500 1840 2603 confiliilque
1902 2501 2302 2582 constituit.

2730 2691 2797 2793 ς.
2902 2673 3051 2773 11‘1..

1510 2880 1665 2961 Sed·
1695 2889 1962 2980 Legem
2000 2825 2211 2962 ‚istam
2270 2874 2643 2978 Regiam,⁸
2683 2899 2830 2980 qua·
2888 2872 3253 2978 Augusto,
3302 2875 3679 2981 ceterisque
3742 2875 4184 2982 sequentibus
4239 2876 4375 2956 Im·

1379 3004 1385 3009 ·
1406 2985 1836 3086 peratoribus
1899 2982 2194 3086 potestas
2266 2978 2540 3058 summa
2577 2980 3114 3082 imperiumque·
3172 2979 3418 3057 datum
3465 2979 3608 3076 est,
3671 2975 3771 3058 fas
3822 2978 3965 3075 est,
4022 2978 4158 3055 hoc
4212 2977 4373 3056 loco

1407 3085 1789 3188 explicare:
1858 3104 2270 3188 propterea,
2331 3081 2524 3186 quod
2591 3080 2758 3159 haec
2802 3083 2956 3159 Lex
3020 3081 3254 3199 totius·
3300 3081 3662 3193 potestatis
3717 3080 4114 3187 principalis
4172 3077 4365 3183 quasi

1257 3229 1273 3244 ·
1404 3184 1944 3268 fundamentum
2012 3187 2375 3264 continet.
2434 3180 2591 3286 Ipse·
2653 3183 2936 3285 quidem
3009 3183 3433 3282 Justimanus
3505 3182 3695 3285 [g],
3753 3184 3828 3264 8<
3873 3183 4227 3285 Ulpianus
4297 3182 4370 3259 in

1408 3287 1716 3386 Digestis
1761 3286 1950 3387 [h],
2023 3311 2310 3364 omnem
2344 3283 2721 3401 potestatis
2785 3286 3285 3387 Imperatoriae
3349 3287 3502 3364 vim
3549 3313 3636 3363 ex
3688 3289 3880 3387 Lege
3922 3285 4156 3385 Regia
4191 3309 4376 3386 repe-

1408 3408 1614 3465 tunt.
1664 3389 1843 3466 Sunt
1892 3409 2129 3466 tamen
2184 3389 2258 3465 in
2313 3387 2479 3464 vnis
2526 3386 2747 3465 doffls
2797 3385 2978 3464 haud
3025 3388 3282 3489 pauci,
3329 3389 3461 3491 qui
3511 3388 3632 3466 vel
3672 3387 4041 3483 dubitent,
4092 3386 4208 3464 vel
4262 3412 4377 3463 ne·

1404 3510 1617 3590 gent,
1683 3490 1899 3567 talem
1926 3491 2189 3589 Legem
2208 3485 2561 3566 extitiffe:
2614 3509 3021 3590 propterea,
3076 3482 3268 3592 quod
3330 3492 3457 3568 iub
3521 3490 4065 3594 Imperatoribus
4123 3488 4371 3592 primis

1406 3615 1672 3669 nomen
1725 3591 1903 3668 istud
1979 3616 2125 3668 non
2201 3590 2596 3668 invenitur:
2640 3589 2953 3693 adeoque
2994 3592 3261 3689 Legem
3322 3592 3626 3691 Regiam
3668 3592 4093 3693 figmentum
4152 3590 4382 3669 ICto·

1404 3716 1565 3769 rum
1606 3694 2060 3794 antiquorum
2106 3690 2279 3791 effe,
2319 3694 2861 3793 Imperatoribus
2912 3691 3250 3770 adsentari
3297 3694 3780 3797 cupientium,
3833 3694 4149 3772 stat-nunt
4204 3689 4373 3791 [3]-

1409 3793 1644 3909 Cujus
1678 3794 2027 3899 opinionis
2068 3792 2446 3871 aucloritas
2487 3819 2667 3895 quae
2720 3792 2852 3870 effe
2899 3794 3187 3891 debeat,
3232 3788 3436 3874 facile
3483 3796 3574 3874 ab
3621 3797 3875 3898 quovis
3925 3795 4375 3895 intelligitur.

1402 3894 1590 3993 Quis
1667 3897 1855 3973 enim
1917 3893 2039 3973 fibi
2116 3893 2496 3998 persuaderi
2548 3895 2874 4011 patiatur,
2936 3896 3160 3973 ICtos
3224 3919 3470 3974 contra
3529 3923 3817 3976 omnem
3879 3897 4361 3974 historicorum

1406 3995 1621 4073 fidem
1670 3995 1979 4097 fingere,
2026 3995 2098 4074 8<
2149 3996 2578 4089 comminisci
2611 3995 2809 4074 ausos
2868 3994 3066 4075 fuisse
3120 3998 3384 4098 Legem
3443 3998 3796 4103 aliquam,
3834 4018 4017 4103 quae
4064 4024 4210 4079 non
4255 4024 4379 4074 ex-

1404 4096 1648 4177 titilset
1738 4099 2119 4203 umquam?
2192 4096 2552 4199 Quorsum
2624 4123 2833 4201 porro
2904 4097 3421 4180 adsentarentur
3492 4102 3569 4180 in
3634 4127 3724 4181 eo
3784 4101 4377 4205 Imperatoribus,

4145 4202 4276 4306 qui

1456 4485 1504 4563 „d
1591 4487 1754 4547 Dion.
1811 4484 1963 4562 Caeffi
2006 4484 2135 4548 Lib.
2177 4486 2359 4548 LIII.
2406 4503 2469 4567 p.
2532 4505 2667 4566 507.
2961 4511 3002 4569 g
3086 4486 3145 4564 §.
3190 4488 3247 4549 6.
3298 4487 3424 4567 lnst.
3465 4489 3533 4550 de
3565 4494 3700 4571 Jur.
3743 4507 3859 4551 nat.
3898 4492 4061 4551 Gent.
4113 4485 4196 4559 Φ·
4241 4490 4378 4551 Civ.

1366 4482 1732 4729 {eJJDaejom
1784 4565 1936 4643 Caffi
1986 4566 2114 4628 Lib.
2158 4568 2301 4629 LII.
2342 4568 2467 4630 init.
2649 4647 2660 4659 .
2922 4483 3052 4733 {h}
3096 4571 3169 4631 L.
3227 4590 3285 4662 1.
3311 4587 3401 4663 pf.
3454 4572 3536 4663 D.
3582 4570 3839 4665 cie-const.
3877 4573 4054 4664 nitu·-
4312 4652 4323 4663 ·

1444 4646 1519 4726 f]
1563 4650 1729 4711 neon.
1769 4646 1922 4727 Caeffi
1982 4647 2108 4711 Ltb.
2152 4649 2369 4729 L11.p.
2399 4667 2664 4741 573.an
2711 4646 2874 4710 locus
2963 4644 3029 4730 ι]
3076 4650 3150 4712 In
3199 4671 3406 4733 primis
3462 4653 3520 4714 id
3575 4671 3700 4732 egit
3743 4657 4027 4713 Mmmus
4062 4647 4384 4715 Schoockms

1490 4728 1574 4790 est
1616 4730 1689 4794 d'e
1726 4730 2149 4793 constitutione
2192 4730 2432 4821 imperit
2486 4728 2564 4791 ab
2606 4729 2874 4820 Augusto
3002 4731 3068 4792 in
3127 4733 3385 4795 traRatu
3423 4734 3497 4796 de
3541 4733 3912 4816 ,quadruplici
3953 4735 4096 4825 Lege
4153 4735 4207 4793 R
4275 4732 4377 4793 ia:

1490 4806 1649 4898 fasta
1698 4808 1993 4888 clafficus,
2043 4827 2434 4892 continetque
2495 4828 2747 4893 pennae
2789 4809 2871 4872 ci·
3001 4809 3096 4874 sed
3150 4816 3516 4892 argumentis
3572 4814 3727 4878 haud
3774 4835 3982 4898 parum
4024 4755 4376 4876 imbeciilis.

1480 4888 1635 4950 ¹-vilis
1690 4888 2141 4971 prudentissima
2209 4908 2572 4972 praecept23
2627 4910 2748 4973 qua
2797 4889 2872 4955 de
2998 4892 3208 4969 Alios,
3241 4896 3348 4977 qui
3380 4896 3626 4963 eandem
3661 4897 3956 4959 rationem
3992 4892 4378 4959 defenderunt

1496 4966 1669 5028 causa
1700 4971 1894 5034 etiam
1939 4971 2377 5033 commentario
2427 4971 2681 5054 politico
2733 4973 2867 5038 iuu-
2999 4993 3060 5036 ν.
3099 4975 3257 5057 apud
3299 4975 3464 5043 Geth.
3503 4979 3692 5049 Coccei
3729 4977 3807 5043 ad
3833 4978 3903 5040 L.
3950 4997 4008 5039 2.
4045 4976 4128 5040 D.
4167 4977 4237 5038 de
4271 4977 4373 5037 Or.

1497 5047 1706 5112 stratus
1743 5051 1824 5115 est
1865 5071 1904 5113 a
1943 5052 2220 5114 Bucam.
2985 5058 3120 5135 Jur.
3941 5054 3945 5059 ’
