4702 6338
1028 433 1077 483 a
1114 402 1330 507 Basti.
1385 401 1784 484 Macedone
1819 401 2039 504 usque
2078 403 2179 484 ad
2227 405 2454 485 excid.
2508 405 2876 509 Constant.
3189 441 3336 514 339

461 528 660 632 batos
718 553 985 654 egregie
1060 555 1285 656 gestae
1337 613 1357 634 .
1429 555 1718 634 Exaffis
1778 549 2049 636 duobus
2103 551 2299 631 annis
2359 549 2661 627 moritur
2732 552 3102 636 Romanus
3133 612 3161 655 ‚
3213 557 3457 646 relic'sta

463 654 823 733 Anastasia
890 653 1344 760 Theophano
1409 682 1571 738 cum
1624 657 1895 737 duobus
1945 656 2108 737 filiis
2146 712 2175 753 ,
2252 651 2926 733 DCCCCLXIV.

1815 839 1883 941 ς.
1986 838 2083 916 ν.

567 1046 953 1097 Nlcl-:PHOR
973 1042 1066 1100 us
1142 1052 1436 1103 pnocAs
1473 1083 1499 1120 ,
1563 1042 1850 1104 mortuo
1921 1023 2263 1104 Romano
2294 1075 2323 1117 5
2397 1041 2562 1098 cum
2643 1017 2981 1100 exercitui
3044 1028 3375 1126 praeesset
3404 1090 3439 1131 ,

455 1118 712 1200 infidiis
759 1147 802 1199 a
838 1123 1093 1225 Bringe
1140 1127 1567 1206 cubiculario
1619 1127 1877 1230 petitus
1922 1182 1949 1223 ,
1997 1122 2158 1206 suae
2211 1121 2477 1202 tutelae
2532 1119 2733 1199 causa
2791 1121 3161 1204 necessario
3213 1132 3456 1234 Impe-

450 1222 700 1300 ratoris
751 1222 1163 1324 dignitatem
1221 1227 1599 1312 adsumsit:
1658 1252 1874 1332 quam
1921 1246 2000 1306 ut
2062 1225 2369 1302 firmaret
2412 1282 2438 1321 ,
2502 1223 2901 1325 Augustum
2979 1227 3446 1332 Theophane

453 1321 741 1400 viduam
802 1326 876 1403 in
937 1330 1469 1410 matrimonium
1537 1330 1739 1413 duxit
1783 1386 1803 1407 .
1858 1330 2193 1410 Barbaros
2250 1327 2562 1428 inprimis
2636 1330 3010 1405 Saracenos
3059 1385 3086 1426 ‚
3165 1337 3439 1434 egregie

453 1422 711 1502 devicit
762 1453 782 1504 :
841 1446 965 1525 at,
1009 1452 1260 1511 exorto
1307 1451 1589 1534 propter
1634 1431 1944 1509 Siciliam
1977 1488 2002 1526 ,
2046 1429 2120 1506 8<
2172 1428 2585 1506 Calabriam
2660 1429 2841 1507 inter
2886 1454 3052 1506 eum
3109 1430 3180 1508 8<
3215 1437 3439 1513 Otto·

451 1543 617 1602 nem
667 1528 1168 1630 Imperatorem
1219 1533 1725 1616 occidentalem
1774 1531 1958 1609 bello
1996 1589 2023 1629 ‚
2089 1527 2374 1607 inferior
2428 1527 2718 1608 disceffit
2760 1587 2786 1626 ,
2860 1530 3168 1609 multum
3235 1538 3447 1614 attri-

452 1644 536 1702 to
581 1628 725 1725 ejus
782 1631 1091 1711 exercitu
1132 1690 1157 1730 ,
1207 1634 1280 1712 8<
1334 1630 1674 1718 Calabria
1727 1634 2092 1716 tributaria
2145 1630 2414 1708 Ottoni
2472 1628 2659 1708 facia
2700 1629 2848 1709 est.
2907 1631 3201 1732 Propter
3274 1640 3433 1718 auri

453 1747 666 1828 atque
721 1733 1052 1844 pecuniae
1103 1736 1560 1838 cupiditatem
1625 1736 1698 1814 8<
1753 1735 2202 1835 rapacitatem
2255 1731 2585 1810 omnibus
2648 1731 2818 1810 odio
2865 1729 3003 1809 suit
3047 1790 3074 1829 ‚
3139 1734 3213 1812 8<
3271 1764 3429 1816 exe-

451 1830 745 1907 crationi
811 1861 830 1910 :
895 1835 1321 1938 tandemque
1394 1862 1583 1914 anno
1648 1833 1915 1914 Christi
1986 1833 2607 1915 DCCCCLXX.
2680 1832 2935 1909 insidiis
3025 1858 3107 1910 ac
3184 1834 3430 1920 fraude

452 1930 739 2027 Joannis
827 1934 1224 2032 zimiscae,
1308 1939 1433 2040 qui
1497 1936 1646 2039 post
1729 1961 1895 2013 eum
1949 1936 2329 2036 imperator
2399 1931 2536 2009 fuit
2572 1990 2598 2027 ,
2666 1933 2885 2009 noelu
2940 1934 3203 2012 occisus
3280 1940 3420 2020 est.

448 2030 796 2144 (Ze-terum
842 2036 1056 2113 etiam
1111 2038 1371 2118 librum
1445 2036 1596 2137 περὶ
1663 2036 2053 2138 ςρκτηγιῶν
2081 2093 2108 2136 ‚
2175 2035 2316 2117 slve
2376 2029 2468 2111 de
2521 2060 2600 2110 re
2642 2031 2960 2111 militari
3015 2035 3145 2139 [l]
3190 2093 3217 2136 ,
3260 2042 3414 2119 rell-

445 2152 603 2233 quit
634 2188 655 2211 .

1775 2320 1842 2422 ς.
1946 2320 2084 2401 νι.
2204 2392 2210 2418 ,

545 2524 905 2587 JOANNt-:s
962 2529 1315 2581 z1M1scns
1361 2560 1388 2605 ‚
1452 2503 1692 2581 multis
1769 2527 1934 2584 curn
1992 2498 2386 2582 adversariis
2448 2514 2661 2602 atque
2718 2500 3179 2603 perduellibus
3241 2533 3409 2588 con·
3502 2593 3513 2600 ,

441 2595 784 2697 Ηίξὶαῐυς,
840 2603 1080 2682 multis
1129 2606 1344 2682 etiam
1414 2631 1575 2683 cum
1641 2604 1935 2682 barbaris
2004 2603 2198 2680 bellis
2243 2602 2442 2701 gestis
2477 2658 2503 2697 ,
2570 2600 2874 2700 superior
2939 2601 3076 2681 fuit
3112 2663 3133 2682 .
3203 2610 3408 2687 Tan-

443 2699 604 2778 dem
638 2701 891 2781 infidiis
924 2704 1154 2783 Bafilii
1180 2706 1507 2786 Eunuchi
1548 2732 1822 2787 veneno
1859 2704 2167 2783 sublatus
2209 2703 2305 2783 est
2343 2727 2456 2780 an.
2478 2701 2624 2780 Ch.
2653 2703 3409 2788 DCCCCLXXVII

444 2801 932 2906 redditumque
1004 2806 1372 2909 imperium
1429 2808 1620 2913 stirpi
1676 2806 1909 2886 Bafilii
1972 2803 2440 2901 MacedoniS,
2482 2802 2976 2913 §onstantino
3023 2804 3096 2884 8<
3146 2807 3417 2890 Basilio-

443 2900 602 2982 filiis
660 2906 972 2985 Romani
1028 2907 1312 3008 junioris
1355 2966 1376 2988 .
1745 3008 1787 3112 ς
1914 3009 2068 3087 VII
3416 2915 3421 2920 '

547 3217 882 3269 nasums
936 3195 1223 3294 junior,
1281 3196 1355 3274 8<
1412 3222 2095 3292 consuat-nuce,
2154 3188 2809 3293 Porphyrogenneti
2852 3247 2881 3287 ,
2931 3191 3131 3272 avito
3197 3196 3417 3300 impe-

441 3290 547 3367 rio
595 3315 933 3393 recepto,
1000 3324 1161 3373 cum
1220 3299 1391 3376 alios
1440 3299 1799 3378 intestinos
1838 3355 1861 3394 ,
1924 3318 2078 3375 tum
2145 3316 2468 3375 externos
2518 3291 2740 3369 hostes
2803 3292 3245 3377 habuerunt:
3318 3302 3419 3377 in-

438 3392 814 3516 primisque
887 3396 1222 3496 Bulgaros
1269 3428 1287 3479 :
1366 3427 1543 3503 quos
1609 3402 1890 3480 tandem
1960 3397 2255 3477 feliciter
2314 3393 2745 3509 debellarunt
2793 3451 2812 3470 .
2865 3397 3152 3475 Tributi
3202 3426 3416 3498 genus

435 3490 936 3593 Α’λληλεγγυον
990 3499 1447 3580 invenerunt.
1508 3504 1766 3581 Basilio
1820 3522 2149 3595 mortuo,
2204 3522 2395 3575 anno
2447 3495 2712 3574 Chr1st1
2767 3495 3149 3575 MXXVI.
3208 3501 3410 3578 Con-

435 3592 772 3677 stantinus
835 3595 1014 3677 solus
1068 3621 1202 3678 tres
1250 3628 1470 3680 annos
1521 3603 1892 3704 imperavit
1929 3657 1949 3678 .
2024 3602 2216 3678 Uter
2265 3625 2353 3677 ue
2421 3595 3005 3675 non-admodum
3070 3600 3241 3679 bene
3289 3601 3411 3680 do-

436 3698 536 3773 mi
607 3724 752 3777 rem
822 3700 1326 3780 administravit
1375 3730 1397 3781 :
1473 3705 1675 3782 Nam
1742 3700 2031 3780 Basilius
2091 3701 2210 3802 qui
2262 3726 2376 3776 ern
2439 3724 2669 3776 rerum
2738 3697 3078 3797 gestarum
3128 3699 3413 3783 fortuna

433 3799 719 3877 tandem
771 3799 1039 3880 sustulit
1097 3805 1410 3884 animum
1442 3832 1458 3850 ·
1509 3806 1758 3909 opibus
1809 3828 1892 3881 ac
1950 3801 2255 3904 pecuniis
2302 3798 2633 3877 struendis
2679 3801 2879 3876 unice
2938 3802 3286 3901 intentus,
3341 3832 3410 3883 e·

432 3901 855 3979 ruditionem
919 3929 1002 3982 ac
1065 3905 1327 3984 litteras
1387 3871 1595 4024 plane
1665 3904 1970 4007 neglexit
2028 3930 2047 3983 ε
2125 3927 2205 3978 ac
2271 3921 2529 3978 terrore
2583 3899 2799 4013 magis
2846 3901 3084 3980 invitis
3116 3961 3142 3999 ,
3192 3931 3410 4007 quam

437 4000 756 4093 bonitate
808 4004 1206 4085 volentibus
1269 4009 1535 4088 civ1bus
1597 4009 1846 4088 maluit
1918 4007 2253 4106 imperare
2302 4058 2321 4078 .
2406 3996 2916 4115 Constantinus
2980 4022 3219 4119 aut-em
3268 4027 3409 4085 tur-

432 4101 785 4204 pissimum
851 4108 1112 4185 ventris
1160 4134 1240 4186 ac
1292 4112 1586 4189 Veneris
1643 4108 2114 4212 mancipium,
2166 4104 2344 4181 ludis
2382 4162 2408 4200 ,
2474 4127 2554 4178 ac
2618 4100 2902 4213 §heatus
2960 4102 3274 4202 dedans,
3330 4107 3405 4185 in

430 4205 600 4284 vilia
653 4232 734 4284 ac
795 4207 1077 4285 barbara
1126 4213 1472 4315 mancipia
1511 4213 1837 4315 prodigus
1869 4269 1896 4309 ,
1967 4212 2040 4288 in
2087 4207 2400 4310 optimos
2450 4205 2760 4305 quoique
2824 4220 3075 4301 tenax,
3130 4204 3407 4286 summo

429 4305 597 4385 odio
665 4306 987 4409 flagravit
1019 4368 1044 4407 ,
1109 4311 1371 4416 fibique
1459 4315 1743 4394 rebelles
1834 4312 2171 4391 excitavit
2230 4366 2249 4386 .
2330 4306 2820 4422 Tribus-ante
2884 4327 3185 4413 mortem
3265 4309 3404 4424 die-

429 4406 553 4485 bus
607 4411 943 4489 Romano
988 4414 1417 4519 Argiropulo
1471 4416 1693 4495 filiam
1739 4418 1942 4496 Zoen
1970 4470 1997 4513 ,
2069 4413 2143 4493 in
2233 4430 2763 4488 matrimonium
2802 4464 2827 4504 ,
2880 4406 3219 4512 fimulque
3274 4434 3403 4487 im·

426 4510 701 4612 perium
752 4512 946 4618 quali
999 4513 1281 4615 dotale,
1335 4518 1616 4596 tradidit
1655 4575 1677 4597 .

1799 4724 1875 4800 V
1925 4748 1976 4800 v
2028 4750 2069 4799 2
2900 4710 2969 4812 §.
3070 4714 3289 4792 VIII.

431 4942 542 5031 [Ι]
581 4950 786 5015 Codex
825 4950 1070 5033 scriptus
1135 4955 1283 5018 olim
1346 4954 1459 5019 fuit
1513 4956 1576 5019 in
1637 4956 1886 5021 biblioth.
1930 4958 2192 5022 Palatina
2216 5001 2233 5019 .
