4702 6338
890 488 946 543 a
977 453 1398 562 Iustiniana
1440 455 1662 559 usque
1703 454 1804 539 ud
1857 454 2208 560 Basiliam
2265 458 2769 537 Macedonem.
3084 490 3226 578 3²3,

1553 706 1578 716 ,
1629 639 1704 749 §.
1806 640 2097 725 XXIV,

475 829 829 905 Graecum
869 825 1344 904 Novellarum
1394 850 1596 903 exem
1641 824 1749 908 ‘lar
1795 825 1996 926 plane
2045 823 2295 922 latuit,
2325 824 2548 902 donec
2589 823 2975 925 Gregorius
3027 825 3344 905 Haloan-

387 928 510 1006 der
556 956 638 1005 ex
694 929 871 1006 libro
930 927 1183 1029 scripto
1230 927 1442 1007 edidit
1479 929 1507 1026 [
1544 954 1578 1002 s
1665 954 1691 1011 ,ε
1742 951 1958 1029 quam
1991 925 2374 1008 editionem
2470 926 2663 1004 aullo
2712 927 2870 1036 post
2929 929 3347 1028 HervagiuS,

382 1029 919 1131 chalcographus
961 1027 1356 1113 Bafileenfis
1388 1086 1413 1124 ,
1466 1028 1730 1105 Alciati
1790 1028 2230 1128 aliorumque
2301 952 2671 1105 dossorum
2748 1029 3060 1106 virorum
3135 1055 3345 1130 opera

383 1130 663 1230 adjutus
695 1188 720 1226 ,
770 1131 1021 1210 additis
1069 1201 1076 1206 .
1127 1128 1486 1210 uibusdam
1560 1130 1891 1207 Novellis
1963 1129 2346 1230 pleniorem
2395 1131 2671 1230 repetiit
2732 1131 2827 1230 [t
2859 1129 2886 1225 ]
2920 1188 2939 1206 .
2993 1131 3128 1208 Sed
3182 1157 3345 1207 cum

386 1256 616 1334 neque
657 1229 816 1308 satis
860 1257 1062 1312 ,emen
1114 1251 1232 1314 ata
1284 1231 1448 1317 esset
1496 1230 1714 1308 editio
1765 1230 2251 1314 Haloandrina
2281 1288 2307 1326 ,
2354 1230 2430 1313 8(
2478 1232 2749 1333 aliquot
2798 1232 3129 1310 Novellis
3167 1256 3348 1308 care-

373 1353 480 1409 ret
521 1361 540 1411 ε
597 1334 816 1409 Henr.
869 1333 1296 1432 ‘Scrimgerus
1348 1359 1435 1410 ex
1490 1333 1675 1410 libris
1728 1331 1991 1432 scriptis
2040 1333 2637 1428 emendatiorem,
2689 1356 2771 1414 ac
2837 1332 3123 1412 XXIII.
3184 1334 3343 1410 No-

373 1431 577 1510 vellis
622 1433 696 1509 8<
742 1432 1011 1516 Ediffls
1052 1433 1418 1533 Iustiniani
1448 1491 1475 1531 ,
1523 1432 1773 1533 Justini
1818 1434 1990 1510 item
2039 1432 2112 1514 8<
2153 1434 2411 1511 Leonis
2462 1436 2689 1535 impp.
2734 1433 3069 1512 Novellis
3100 1491 3126 1529 ,
3177 1456 3346 1511 ante

375 1534 654 1611 ineditis
689 1591 715 1631 ,
767 1559 907 1613 una
958 1535 1266 1618 Zenonis
1302 1593 1329 1631 ‚
1378 1534 1450 1612 8<
1494 1536 1670 1618 item
1717 1535 1936 1611 altera
1996 1535 2267 1612 Tiberii
2316 1535 2896 1630 Constitutione,
2952 1534 3341 1612 auciiorem

375 1635 564 1712 dedit
605 1633 752 1733 [u]
787 1693 808 1712 .
864 1638 947 1712 In
1001 1634 1337 1737 plerisque
1394 1636 1734 1737 Corporis
1793 1636 1976 1734 Juris
2023 1636 2444 1714 editionibus
2492 1636 2907 1717 defideratur
2976 1638 3338 1713 Graecum

379 1737 853 1814 Novellarum
885 1737 1242 1838 exemplar
1263 1795 1289 1835 ,
1320 1738 1624 1840 exceptis
1656 1737 2076 1822 editionibus
2114 1738 2505 1817 Genevenfi
2541 1739 2640 1838 [x
2659 1736 2688 1835 ]
2709 1795 2735 1835 ,
2763 1735 3122 1816 Parifienfi
3150 1738 3179 1837 ᾗ
3189 1766 3247 1834 y
3267 1735 3297 1834 j
3318 1794 3345 1833 ,

379 1835 460 1916 ὅ(
504 1836 1163 1924 Amstelaedamenfi
1209 1837 1403 1940 [zJ.

1654 2018 1721 2125 ς.
1823 2019 2069 2100 xxv.

423 2219 430 2228 ·
477 2200 641 2278 Post
691 2200 1156 2282 Novellas·in
1208 2201 1533 2304 Corpore
1573 2201 1755 2303 Juris
1815 2198 2046 2284 inserti
2113 2201 2442 2302 leguntur
2483 2199 2658 2280 libri
2701 2199 3156 2299 Feudorum,
3198 2201 3351 2280 five

373 2301 939 2380 Consuetudines
990 2302 1391 2383 Feudorum
1454 2304 2020 2402 Longobardicae
2056 2361 2081 2399 ,
2135 2328 2278 2381 non
2350 2305 2444 2381 ab
2493 2306 2746 2384 oberto
2813 2306 2900 2379 ab
2969 2312 3140 2382 Orto
3173 2360 3199 2400 ,
3268 2303 3343 2380 8<

374 2402 684 2481 Henrico
721 2403 990 2501 Nigro,
1039 2402 1468 2482 Consulibus
1533 2404 2169 2484 Mediolanensibus
2210 2461 2236 2501 ,
2289 2425 2368 2481 ut
2426 2403 2730 2519 vulgaris
2779 2403 2875 2480 est
2938 2401 3279 2481 sententia
3314 2461 3344 2502 ‚

373 2501 488 2582 sed
547 2530 632 2581 ex
682 2529 926 2581 eorum
1084 2502 1420 2586 tiffimum
1475 2506 1664 2583 libris
1713 2503 2073 2604 compilati
2123 2505 2217 2582 ab
2267 2506 2510 2607 aliquo
2563 2504 2751 2582 istius
2824 2505 2988 2603 juris
3061 2504 3286 2604 perito
3317 2561 3347 2603 ‚

372 2605 554 2682 illati
603 2630 771 2682 vero
821 2606 893 2683 in
1026 2629 1235 2706 orpus
1286 2605 1463 2703 Juris
1502 2605 1623 2684 sub
1660 2604 1946 2683 nomine
1996 2604 2342 2685 Decimae
2392 2603 2821 2682 collationis
2853 2607 2942 2681 ab
2983 2603 3345 2702 Hugolino

375 2706 470 2782 de
504 2704 937 2802 Presbyteris
968 2704 1146 2806 [a].
1201 2708 1319 2785 De
1358 2733 1500 2811 qua
1538 2705 2042 2810 ,compi-latione
2094 2707 2294 2810 plura
2343 2708 2568 2786 dicere
2615 2705 2751 2784 hoc
2804 2706 3009 2803 loc0‚
3059 2731 3203 2784 non
3245 2704 3345 2784 ‘est

378 2805 641 2885 neceffe
665 2864 687 2884 .
2021 2881 2024 2882 f

1623 2909 1692 3018 §.
1793 2910 2084 2991 XXVI.

478 3090 681 3171 Haec
726 3093 811 3171 de
849 3090 1126 3171 historia
1169 3092 1509 3197 Corporis
1561 3093 1743 3196 Juris
1804 3091 2210 3194 Justinianei
2265 3090 2557 3172 dicenda
2604 3087 2766 3189 visav
2808 3088 2964 3168 sunt
2993 3148 3015 3168 .
3068 3091 3330 3169 Unum

374 3193 581 3272 restat
632 3195 852 3291 illud,
902 3193 989 3273 de
1030 3221 1175 3296 quo
1207 3193 1543 3293 breviter.)
1573 3197 1644 3273 8<
1696 3196 1887 3299 quasi
1937 3221 2057 3295 per
2106 3194 2406 3273 indicem
2440 3253 2466 3291 ,
2533 3191 2943 3271 tradendum
3007 3193 3264 3270 ducam
3313 3250 3345 3290 ‚

250 3343 257 3349 -
372 3297 460 3373 de
508 3297 698 3372 vitiis
729 3355 752 3391 ,
797 3296 877 3373 in
942 3321 1028 3373 eo
1067 3322 1109 3373 a
1151 3299 1718 3400 compilatoribus
1778 3295 2133 3379 admistis:
2186 3297 2579 3412 dequibus
2635 3295 2707 3372 in
2764 3315 3132 3404 utramque
3186 3319 3334 3394 par-

375 3417 522 3473 tem
577 3424 619 3473 a
685 3398 885 3476 ICtis
934 3396 1370 3498 disputatur.
1422 3403 1535 3479 Ac
1589 3402 1897 3504 plerique
2003 3397 2232 3479 uidem
2277 3422 2349 3476 in
2389 3423 2547 3473 eam
2585 3393 2992 3473 sententiam
3029 3395 3343 3492 abeunt,

377 3519 459 3577 ut
510 3499 688 3577 vitia
736 3498 1017 3575 admiss'a
1063 3498 1362 3578 statuant
1398 3502 1581 3601 [b].
1638 3504 1899 3604 Neque
1991 3499 2162 3578 acile
2233 3498 2304 3576 id
2370 3498 2600 3599 negari
2675 3498 2969 3576 omnino
3038 3495 3262 3597 potest
3312 3525 3334 3575 :

376 3599 516 3678 hoc
562 3625 776 3678 unum
832 3600 1257 3683 monendum
1312 3602 1408 3679 est
1445 3660 1471 3698 ,
1521 3602 1652 3679 effe
1690 3603 2040 3704 quendam
2084 3625 2170 3677 ea
2233 3601 2304 3678 in
2365 3625 2438 3677 re
2487 3598 2776 3676 modum
2834 3618 3197 3700 oportere:
3245 3623 3336 3674 ne

377 3702 614 3780 nimiis
659 3701 731 3780 8(
783 3700 1220 3784 acerbiffimis
1246 3703 1646 3786 criminibus
1677 3703 1857 3802 Juris
1900 3701 2304 3801 Justinianei
2344 3700 2831 3777 collee’tionem
2878 3720 3112 3801 petas:
3147 3698 3342 3801 quod

375 3799 522 3882 fere
575 3805 877 3906 imperiti
929 3824 1210 3882 tantum
1263 3803 1578 3883 homines
1630 3827 1843 3906 atque
1884 3802 2268 3904 elegantiae
2311 3802 2539 3880 omnis
2587 3822 2901 3901 expertes
2955 3799 3182 3878 facere
3243 3798 3345 3878 so-

378 3904 584 3983 lent:
638 3908 740 3984 ita
787 3905 1069 4007 quidem
1097 3962 1123 4002 ,
1174 3925 1253 3982 ut
1284 3965 1310 4002 ,
1358 3931 1503 4009 quo
1557 3906 1845 4009 quisque
1891 3905 1988 3984 est
2036 3907 2407 3983 Romanae
2454 3900 3019 4002 jurisprudentiae
3072 3902 3348 4003 imperi-

383 4006 527 4083 tior
557 4064 584 4105 ,
634 4033 723 4086 eo
775 4006 1083 4086 acerbius
1151 4006 1225 4083 in
1288 4006 1466 4085 hanc
1538 4007 1838 4089 nostram
1909 4004 2486 4108 compilationem
2552 4000 2986 4102 invehatur3
3053 4002 3343 4117 aliquod

1905 4106 2203 4187 Ssz-
3126 4100 3248 4179 sci-

374 4338 505 4448 [s]
541 4363 793 4426 Norimb.
835 4385 892 4426 a.
947 4383 1118 4443 1531.
1168 4386 1205 4428 a
1247 4366 1324 4428 ud
1368 4364 1459 4437 Jo.
1516 4365 1834 4430 Petraeum
1965 4360 2029 4425 δι
2072 4358 2356 4421 Boehmeri
2399 4360 2483 4421 V.
2515 4358 2589 4421 C.
2622 4359 2767 4422 Diss.
2799 4357 2868 4418 de
2906 4373 3079 4418 aetate
3117 4353 3350 4432 vetustae

458 4450 608 4508 Sunt
652 4448 712 4507 in
757 4466 826 4510 ea
865 4436 1113 4508 CLXV.
1157 4446 1455 4510 Bovellae
1472 4490 1487 4507 .
1965 4441 2256 4504 collationis
2298 4440 2727 4520 consuetudinum
2746 4438 3057 4517 feudalium
3096 4438 3158 4499 in
3188 4437 3350 4518 Jem‘·

371 4522 481 4610 [t]
528 4525 695 4603 Baefil.
730 4549 785 4590 a.
837 4545 1010 4605 1541.
1050 4528 1376 4610 eademque
1429 4528 1507 4591 est
1536 4528 1726 4591 etiam‘
1774 4547 1834 4588 a·
1967 4522 2144 4585 chenii
2187 4520 2354 4601 Thes:
2382 4526 2520 4603 Jur.
2568 4522 2740 4584 Feud.
2780 4525 2856 4582 T.
2914 4521 2968 4581 1.

461 4609 745 4691 liquoties
792 4608 1079 4690 repetita.
1884 4603 2007 4748 [ba
2049 4605 2215 4666 luter
2257 4625 2355 4666 eos
2384 4650 2402 4681 ,
2464 4605 2585 4687 qui
2610 4602 3028 4744 comlpilatoores
3069 4598 3212 4671 juris
3252 4597 3351 4691 Ju-

373 4687 456 4813 {u
544 4688 724 4768 Partyi
755 4710 810 4750 a.
860 4688 1033 4769 1558.
1065 4687 1168 4751 fol.
1210 4708 1307 4771 ap.
1337 4692 1417 4755 H.
1471 4687 1831 4771 Stephanum.
2017 4687 2239 4748 inianei
2297 4704 2561 4747 errorum
2618 4703 2733 4762 neg
2764 4686 3098 4761 igentraeve
3156 4700 3348 4741 nomi-

419 4791 458 4829 κ
549 4791 602 4831 a.
665 4770 839 4848 1583.
1964 4789 2039 4830 ne
2084 4765 2581 4848 reprehenderunt
2618 4809 2636 4841 ,
2755 4763 3003 4843 rincipes
3072 4761 3205 4822 sunt
3246 4763 3345 4832 fr,

411 4874 458 4928 y
542 4864 596 4913 a.
647 4851 819 4911 1628.
1963 4853 2332 4908 Hotomannus
2372 4849 2434 4908 in
2476 4846 2692 4906 Antitri
2753 4844 2929 4919 niam,
2973 4844 3026 4902 F
3026 4865 3071 4903 r.
3118 4841 3346 4902 Baldui.

424 4953 460 4995 z
542 4932 777 4992 Simonis
804 4953 941 4992 van.
981 4932 1234 4993 Leuwen.
1279 4956 1334 4994 a.
1374 4933 1484 4994 166
1530 4978 1547 4996 .
1960 4953 2059 4990 nus
2103 4931 2165 4991 in
2246 4927 2502 5007 ustiniano
2538 4973 2556 5004 ,
2624 4927 2715 4989 W
2710 4922 3061 5003 tffenbachius
3103 4924 3166 4986 in
3212 4925 3263 4982 Ε
3264 4945 3345 4982 m-

422 5035 460 5071 a
545 5033 605 5076 v.
649 5012 872 5093 Knom’i
908 5009 1044 5091 Obsi
1085 5014 1158 5077 ad
1186 5015 1427 5077 Prooem.
1507 5011 1605 5094 nst.
1649 5035 1697 5077 c.
1736 5014 1829 5077 18.
1960 4934 2278 5073 blematibits
2320 5007 2643 5071 Triboniani
2656 5054 2673 5087 ‚
2701 5020 2766 5072 ut
2806 5005 2955 5070 alios
2997 5004 3308 5070 mittamus
3324 5059 3344 5085 ,
