4702 6338
1380 408 2346 508 PRAEFATIO.
3188 443 3241 498 v

373 618 709 685 terarum
777 588 1295 685 humaniorum
1334 587 1683 703 studiosis
1744 608 2166 706 comparata
2216 587 2366 705 effe
2422 583 2637 669 debet
2664 619 2697 668 .·
2752 590 3020 701 quibus
3068 593 3167 675 ad
3241 594 3361 679 in-

384 707 832 828 telligendos
883 734 1178 821 veteres
1193 703 1606 825 firiptores-
1635 711 2027 792 Romanos
2054 709 2252 810 juris
2281 703 2569 823 publici
2608 710 2890 822 magis,
2927 742 3151 822 quam
3212 714 3374 828 pri·

380 835 605 935 vati,
654 846 1042 941 quitquam
1102 822 1321 924 buius
1357 853 1686 939 quoque,
1732 823 2040 941 historia
2065 820 2543 942 percipienda
2580 822 2724 939 cst.-
2758 829 3068 944 ,Quibus
3104 829 3194 913 de
3212 863 3376 934 cau·
3438 856 3466 863 ‘

378 947 491 1062 fis
548 952 713 1052 jam
755 974 1073 1060 quatuor
1137 942 1411 1039 abhinc
1489 948 1709 1028 annis
1763 948 1964 1062 coepi
2020 943 2381 1057 quasdam·
2445 945 2567 1056 isti
2660 949 2952 1057 consilio
3026 978 3231 1054 mee,
3286 974 3379 1032 ut

379 1065 789 1182 putabam,
862 1092 1076 1183 aptas
1138 1066 1376 1147 lineas
1443 1062 1745 1172 ducere,
1827 1063 2312 1180 scriptasque
2399 1095 2562 1144 cum
2638 1062 3139 1149 Auditoribus
3192 1069 3377 1151 meis

389 1187 918 1268 communicare
973 1244 1000 1288 ,
1089 1178 1333 1294 iisque
1404 1181 1857 1300 explicandis
1932 1182 2226 1298 tradere
2279 1181 2655 1293 historiam
2695 1188 2769 1293 J
2773 1179 3371 1302 urisprudentiae

393 1309 784 1385 Romanae
813 1362 834 1385 .
893 1299 1045 1385 Sed
1080 1332 1245 1383 cum
1303 1305 1576 1384 nimiae
1639 1301 2045 1402 brevitatis
2088 1298 2343 1414 studio
2402 1301 2645 1382 multa'
2689 1302 3081 1421 neceffario
3136 1337 3193 1420 e,
3244 1330 3376 1399 ent

393 1418 702 1534 omiffa,
757 1420 1051 1533 confilio
1123 1421 1545 1531 rationique
1608 1450 1813 1504 meae
1896 1419 2426 1532 consentanea,
2497 1416 2598 1501 (²9⁴
2651 1447 2905 1504 tamen
2963 1424 3044 1504 in
3102 1412 3397 1503 multo?

391 1568 558 1620 rum
615 1536 955 1621 manibus
1023 1530 1564 1650 versarentur,
1607 1563 2137 1654 praetereaque
2174 1540 2256 1619 in
2272 1536 2583 1651 summa
2633 1530 3011 1622 brevitate
3047 1536 3373 1630 Audito·-

392 1654 595 1737 ribus
634 1651 1098 1768 describendi
1116 1657 1327 1738 labor
1355 1657 1796 1773 graviseffi
1828 1655 2266 1761 videretur,
2279 1654 2588 1772 suscepi
2623 1659 2871 1740 animo
2896 1719 2923 1763 ,
2961 1658 3375 1770 Historiam

384 1769 1068 1889 jurisprudentiae
1124 1764 1570 1882 Romanae,
1623 1776 2069 1892 diligentius
2101 1774 2597 1881 elaboratam,
2660 1775 2917 1873 ‚ederet
2996 1806 3185 1889 quae
3236 1770 3380 1886 τῷ,

395 1922 581 1972 anno
652 1889 750 1973 &⁹
815 1888 1014 2004 quod
1098 1897 1469 2002 excurrit,
1527 1895 1766 2010 operis
1829 1899 1992 1994 jam
2070 1892 2277 1975 tradi
2351 1916 2649 2010 coepta,
2744 1921 2999 1984 tamen
3059 1905 3375 2012 'propter

403 2007 680 2090 multas
738 2008 987 2122 causas
1026 2008 1450 2120 retardata,
1505 2045 1700 2103 nunc
1770 2011 2063 2095 demum
2118 2001 2378 2127 prodit
2412 2063 2440 2094 ι

513 2125 664 2207 Sed
690 2129 854 2228 jam
894 2127 1121 2241 ipsius
1177 2128 1440 2232 hujus,
1495 2155 1714 2238 quem
1760 2133 1921 2232 jam
1977 2152 2200 2228 manu
2254 2130 2522 2235 mitto,
2602 2128 2788 2213 libri
2881 2125 3210 2214 ordinem
3292 2157 3380 2212 ac

394 2244 808 2346 rationem,
876 2242 1158 2358 neccffl
1213 2244 1358 2355 est,
1417 2269 1811 2361 exponere.-
1844 2276 1858 2282 ·
1896 2250 2246 2331 Primum
2312 2248 2553 2362 igitur
2638 2276 2875 2332 totam
2933 2249 3121 2331 hanc
3158 2245 3376 2359 histo-

397 2361 590 2453 riam
632 2363 713 2448 in
775 2387 1093 2470 quatuor
1137 2381 1393 2474 partes
1443 2365 1896 2480 principales
1915 2426 1941 2471 ,
2010 2364 2687 2483 jurisprudentiam
2742 2368 3139 2478 antiquam
3160 2427 3187 2476 ,
3225 2397 3379 2448 me-

395 2477 649 2583 diam,
687 2507 961 2559 novam
1003 2536 1028 2581 ‚
1084 2505 1311 2589 atque
1386 2480 1868 2595 noviffi'mam
1904 2544 1933 2590 ,
2023 2483 2264 2567 tribui
2341 2483 2706 2569 commode
2771 2485 2979 2604 poffe
3045 2483 3378 2604 putavi,

371 2595 680 2710 secutus
708 2598 1240 2708 fustinianum
1300 2597 1547 2713 ipsum
1604 2606 2022 2708 auctorem,
2114 2597 2251 2714 qui
2310 2631 2599 2687 omnem
2664 2607 3093 2689 Romanam
3133 2598 3369 2715 juris·

381 2712 863 2824 prudentiam
921 2745 968 2795 a
1003 2709 1447 2829 primordiis
1517 2710 1619 2798 ad
1631 2714 1866 2829 sitam
1935 2714 2167 2833 usque
2223 2722 2773 2839 legislationem
2832 2721 2916 2807 in
2992 2750 3379 2825 veterem,

395 2830 760 2938 mediam,
817 2829 918 2915 <9⁴
977 2861 1250 2916 novam
1292 2831 1648 2944 describit
1697 2832 1892 2948 [’‘],
1953 2866 2045 2922 ut
2117 2839 2293 2923 adeo
2347 2871 2395 2923 a
2449 2846 2520 2952 J
2530 2844 2893 2955 ustiniano
2976 2837 3181 2957 ipso,
3240 2839 3377 2950 qui

384 2951 731 3067 plurima
783 2952 1168 3057 mutavit,
1228 2983 1309 3032 ac
1342 2949 1523 3064 fl’re
1559 2982 1771 3036 omne
1801 2961 1921 3053 jus
1969 2958 2205 3039 civile
2264 2957 2345 3041 in
2398 2960 2629 3041 aliam
2653 2993 2656 2996 ·
2665 2952 3002 3072 formam
3042 2954 3378 3072 redegit,

403 3065 816 3183 noviffima
838 3063 1439 3185 iurisprudentia
1485 3065 1864 3154 exordium
1918 3099 2175 3191 capere
2227 3076 2628 3159 videatur.
2724 3077 3078 3192 Singulas
3124 3097 3381 3195 partes

384 3185 717 3301 fingulis
770 3183 994 3286 libris
1052 3190 1464 3304 complexus
1495 3190 1738 3302 sum:
1819 3193 1937 3275 ita
2007 3220 2307 3301 tamen,
2414 3222 2501 3277 ut
2536 3253 2565 3300 .,
2630 3190 2709 3307 fi
2784 3222 2933 3305 qua
2988 3225 3188 3278 nova
3255 3195 3383 3297 ju·

405 3301 978 3421 risprudentiae'
1030 3306 1355 3388 mutatio
1403 3366 1432 3411 ‚
1524 3331 1671 3425 pro
1757 3306 2204 3426 reipublicae
2275 3310 2927 3429 vicrſjitudinibus
2957 3370 2986 3418 ,
3041 3310 3141 3396 (9⁹
3196 3343 3383 3395 com·

404 3420 948 3505 mutationibus
1034 3445 1493 3541 temporum,
1559 3426 1989 3544 incidisset,
2056 3430 2399 3549 singulos
2485 3427 2711 3513 libros
2785 3429 3042 3538 rursus
3107 3431 3189 3513 in
3267 3423 3382 3512 ca·

390 3543 567 3657 pita
618 3571 817 3623 nova
849 3542 1177 3656 partirer
1200 3575 1238 3623 .·
1301 3569 1503 3625 ratus
1543 3540 1626 3625 id
1659 3546 1808 3661 effe
1824 3551 2219 3631 memoriae
2231 3547 2734 3662 studiosorum
2763 3545 3320 3631 adcffmodatius
3354 3608 3379 3632 .

398 3657 560 3741 Sed
594 3688 756 3744 cum
811 3661 1003 3759 iuris
1034 3658 1440 3777 prudentia
1510 3669 1902 3763 Romana,
1974 3667 2264 3750 veluti.
2290 3669 2596 3782 flumen
2684 3663 3033 3776 aliquod,
3086 3665 3377 3778 senfim

401 3777 957 3893 paullatimque
1010 3806 1052 3859 e
1113 3779 1461 3894 pluribus
1504 3780 1744 3893 4²⁴0st
1800 3785 2000 3865 rivis
2052 3817 2140 3866 ac
2188 3776 2547 3897 fontibus
2609 3786 2965 3887 colleHa,
2996 3782 3096 3866 ad
3146 3783 3379 3899 suam

405 3892 1010 4008 magnitudinem
1048 3926 1136 3977 ac
1165 3898 1335 3978 vim
1358 3900 1824 3984 excreverit:
1887 3897 1971 3982 id
2039 3903 2188 4015 est,
2257 3934 2301 3984 e
2368 3900 2695 4019 Legibus
2729 3963 2757 4010 ‚
2828 3904 3112 4007 SCtis,
3185 3901 3379 3988 Edi·

400 4014 589 4117 ftis,
635 4012 1340 4125 jureconsultorum
1402 4014 1847 4133 Responfis‚
1924 4019 2467 4137 Disputatione
2502 4016 2720 4134 jori,
2763 4018 2947 4133 five
3000 4020 3213 4103 rebus
3256 4026 3377 4120 iu-

399 4126 716 4231 dicatis,
778 4161 864 4211 ac
920 4128 1238 4213 moribus
1271 4128 1593 4243 denique
1637 4137 2068 4240 majorum,
2124 4138 2225 4219 (5
2282 4136 2439 4247 sub
2495 4137 3075 4254 Imperatoribus
3135 4141 3373 4220 etiam

399 4279 492 4328 ex
550 4247 1264 4360 Constitutionibus,
1314 4250 1749 4331 manaverit
1777 4282 1812 4332 .·
1877 4284 2022 4364 quo
2060 4251 2490 4367 distinctius
2544 4280 2773 4367 atque
2812 4254 3085 4339 clarius
3123 4259 3378 4341 omnia

402 4365 545 4478 ista
572 4424 600 4473 ‚
646 4389 787 4484 pro
822 4391 1234 4485 temporum
1326 4365 1972 4485 viciſjitudinibus
1993 4434 2021 4483 ,
2090 4372 2302 4459 tradi
2340 4374 2787 4495 percipique
2825 4373 3175 4494 pqffent,
3211 4377 3377 4488 fin·

879 4569 884 4572 γ
1185 4502 1199 4515 “
3061 4495 3260 4608 gula

474 4950 623 5039 ζ’)
671 4955 729 5043 §-
770 4980 831 5027 1.
867 4955 1029 5029 lust.
1070 4955 1154 5031 de
1187 4958 1375 5049 legit.
1413 4984 1567 5053 agn.
1609 4961 1777 5037 fisce.
1809 4988 1880 5036 v.
1925 4962 2228 5041 Perizon.
2277 4941 2455 5039 D'ifls
2478 4964 2562 5037 de
2611 4967 2769 5055 Leg.
2815 4965 3072 5040 Vocon.
3106 4982 3182 5057 p.
3224 4972 3373 5056 198.

1176 5121 1208 5139 N
