4702 6338
1096 377 1107 382 ’
1175 377 1623 495 furibusque
1693 386 1915 492 usque
1983 386 2084 469 ad
2120 384 2521 488 ’Caesareis
3136 423 3229 495 95

363 549 857 632 versabantur:
894 547 1067 628 item
1100 553 1323 653 Leges
1359 570 1846 654 AUPELEJAE,
1885 581 1928 633 a
1974 556 2048 635 S.
2098 556 2411 658 Apuleio
2490 551 2872 633 Saturnino
2906 611 2934 651 ,
3014 550 3334 636 seditioso

370 657 656 733 tribuno
691 653 911 756 plebis
938 711 965 750 ,
1022 676 1351 754 rogatae:
1404 655 1628 758 prima
1691 657 1788 734 est
1879 657 1967 735 de
2053 655 2432 757 maiestate
2514 655 2661 756 [s]
2727 657 2872 733 lata
2934 675 3342 758 propterea,

368 758 600 860 quod,
652 781 819 833 cum
860 755 1223 854 Cimbris,
1274 758 1373 858 Q.
1430 758 1684 838 Catuli
1769 760 2157 850 exercitum
2219 755 2535 859 adgressis
2572 815 2596 855 ,
2664 759 2931 861 equites
2966 816 2993 855 ,
3083 757 3341 836 relictis

416 859 752 955 raelidiis,
813 859 1132 937 Romam
1191 857 1557 960 fugiffent,
1629 861 2007 939 imminuta
2081 862 2324 964 populi
2404 860 2718 938 Romani
2788 859 3099 959 majestas
3153 859 3344 938 vide-

366 886 580 1039 batur
622 958 762 1060 [t]
786 1016 808 1036 .
864 961 1045 1037 Sunt
1104 982 1389 1059 tamen,
1503 963 1621 1059 ui,
1674 961 1851 1039 hanc
1896 964 2123 1063 legem
2166 988 2310 1041 non
2357 959 2445 1039 ad
2488 961 2673 1038 hunc
2723 964 3110 1064 Apulejum
3134 959 3342 1040 refer-

367 1063 424 1140 ri
472 1062 703 1165 poffe,
754 1062 1035 1139 credant
1106 1061 1305 1163 [u].
1364 988 1561 1142 M‘llffi
1619 1090 1789 1143 vero
1840 1063 2134 1144 dubium
2177 1089 2323 1142 non
2380 1062 2517 1159 est,
2576 1062 2709 1141 effe
2743 1062 3043 1162 ejusdem
3104 1063 3342 1141 Satur·

362 1164 519 1242 nini
571 1166 838 1263 Legem
858 1218 880 1240 .
932 1165 1194 1280 Neque
1243 1186 1655 1266 argumenta
1674 1225 1701 1264 ,
1756 1191 1937 1270 quae
2012 1186 2257 1245 contra
2334 1161 2738 1243 adferuntur
2765 1223 2792 1262 ,
2851 1163 3009 1243 satis
3087 1163 3341 1242 idonea

370 1265 567 1343 sunt.
622 1265 906 1344 Deinde
965 1266 1132 1343 tulit
1183 1266 1270 1344 de
1321 1295 1491 1346 auro
1521 1267 1870 1366 Tolosano
1926 1268 2111 1369 [x]:
2163 1265 2466 1370 aliasque
2528 1268 2748 1368 Leges
2801 1267 3225 1367 Semproniis
3257 1265 3337 1343 fi-

369 1369 609 1446 miles:
678 1393 849 1470 quas
895 1393 1045 1468 quo
1091 1368 1358 1447 firmius
1403 1368 1733 1469 sanciret,
1787 1370 2100 1469 addidit,
2144 1389 2251 1467 ut,
2287 1370 2411 1471 qui
2447 1368 2731 1445 tribuno
2788 1368 3015 1468 legem
3058 1367 3338 1467 roganti

370 1469 783 1566 obstitiffet,
835 1468 1208 1567 majestatis
1249 1497 1407 1550 reus
1437 1472 1644 1574 elset3
1700 1492 1961 1577 utque,
2032 1473 2083 1552 si
2134 1472 2324 1575 plebs
2391 1495 2550 1548 eam
2609 1468 2900 1547 scivisset
2940 1526 2967 1565 ,
3042 1469 3340 1545 Senatus

372 1569 456 1648 in
492 1572 718 1650 verba
752 1571 1035 1659 iuraret
1110 1573 1203 1672 [y
1228 1570 1296 1670 ]:
1413 1574 1485 1651 ui
1543 1575 2020 1674 jusjurandum
2092 1571 2445 1653 recusass‘et
2475 1629 2503 1668 ,
2567 1572 2832 1648 Senatu
2895 1588 3339 1666 moveretur,

370 1674 814 1776 multamque
834 1672 1341 1774 quadringenta
1482 1676 1847 1777 mstoginta
1907 1678 2057 1755 HS.
2146 1674 2469 1778 penderet
2540 1673 2639 1772 [z
2666 1670 2696 1768 ]
2722 1729 2744 1749 .
2796 1671 2967 1771 Qua
3017 1673 3208 1771 Lege
3260 1671 3339 1750 in

369 1775 668 1855 exilium
716 1777 975 1875 ejecitis
1026 1774 1126 1855 est
1169 1776 1556 1857 Metellus.
1619 1777 1757 1858 Sed
1804 1780 1862 1857 is
1891 1777 2084 1857 furor
2124 1777 2200 1857 in
2252 1796 2463 1880 caput
2500 1777 2644 1872 ejus
2675 1775 2925 1853 vertit.

1644 1959 1713 2063 ς.
1827 1959 2065 2041 LXV.

485 2141 709 2219 Anno
753 2136 1108 2221 DCLIV.
1180 2143 1379 2224 Cossl
1431 2141 1531 2225 C.
1586 2141 1832 2226 Mario
1878 2144 2018 2225 VI.
2066 2142 2153 2224 L.
2204 2141 2497 2224 Valerio
2567 2141 2866 2239 Flacco,
2918 2142 3140 2242 Leges
3171 2169 3346 2222 sea·-

376 2268 691 2356 xfmass,
747 2244 841 2323 C.
887 2245 1155 2323 Servilii
1194 2247 1574 2345 Glauciae,
1622 2250 2002 2366 praetoris,
2064 2244 2544 2327 attribuendae
2605 2243 2760 2323 sunt
2801 2239 2987 2344 [a].
3023 2243 3344 2322 Primum

377 2342 812 2442 fudiciam,
875 2372 1015 2448 qua
1067 2349 1389 2451 Equestri
1435 2351 1661 2429 ordini
1718 2350 1974 2452 judicia
2027 2348 2370 2429 reddidit:
2483 2372 2611 2425 uae
2673 2366 2910 2424 tamen
2957 2403 2985 2442 ,
3045 2344 3347 2425 dubium

375 2445 523 2542 est,
602 2466 834 2525 utrum
890 2450 1156 2550 perlata
1202 2450 1335 2531 sit:
1392 2451 1640 2531 deinde
1712 2451 2276 2554 repetundarum
2329 2373 2480 2550 [ὂῖ
2497 2507 2524 2546 ,
2587 2448 2898 2526 acerbior
2975 2444 3339 2549 superiori-

376 2544 548 2645 bus,
597 2574 736 2651 qua
786 2571 1116 2649 cautum,
1167 2572 1247 2631 ut
1298 2545 1459 2654 post
1513 2550 1840 2655 primam
1907 2552 2262 2632 assionem
2322 2578 2483 2630 reus
2547 2546 3346 2651 comperendinaretur,

376 2674 545 2727 cum
605 2673 812 2730 antea
856 2679 946 2731 ex
995 2656 1184 2756 Lege
1256 2654 1492 2734 Acilia
1545 2656 1783 2734 liceret
1846 2655 2053 2736 semel
2104 2654 2293 2734 difi'ta
2355 2650 2558 2731 causa
2624 2651 3121 2755 pronunciare,
3215 2652 3348 2731 nist

380 2775 502 2828 am
552 2751 798 2830 liarent
855 2754 1110 2853 judices
1175 2755 1360 2856 [c].
1435 2755 1775 2837 Asconius
1838 2784 1991 2836 eam
2055 2760 2319 2856 Legem
2402 2752 2786 2832 Glauciam
2870 2772 3082 2830 vocat
3138 2752 3246 2851 [d
3260 2751 3293 2850 J
3320 2811 3349 2833 .

376 2777 637 2966 Eidem
686 2856 862 2957 Legi
912 2859 1265 2956 attribuo,
1311 2858 1503 2960 quod
1550 2860 1841 2961 legimus
1903 2858 2087 2961 apud
2155 2858 2583 2936 Ciceronem
2634 2853 2816 2955 [e],
2867 2861 3059 2951 Lege
3093 2851 3343 2932 Servi-

378 2951 496 3031 lta
552 2977 836 3035 cautum
893 2956 1134 3056 fuisse,
1198 2980 1317 3058 ut,
1385 2960 1435 3038 fi
1480 2962 1633 3064 quis
1685 2987 1725 3039 e
1794 2960 1988 3039 sociis
2050 2959 2290 3037 Latini
2346 2956 2650 3035 nominis
2723 2958 3131 3036 Senatorem
3146 2980 3347 3036 reum

379 3053 686 3155 feciffet,
731 3056 922 3161 isque
974 3062 1473 3140 condemnatus
1513 3060 1688 3166 ‚effet
1713 3120 1739 3159 ,
1801 3064 1864 3139 ei
1917 3062 2142 3141 aditus
2201 3060 2274 3139 in
2320 3058 2727 3155 civitatem,
2771 3054 3098 3160 locusque
3139 3057 3212 3134 in
3251 3059 3345 3135 ci·

379 3158 607 3238 vitate
663 3183 929 3263 pateret
978 3163 1032 3241 is
1052 3222 1078 3261 ,
1140 3187 1355 3266 quem
1406 3163 1907 3243 condemnatus
1939 3160 2297 3242 tenuiffet.
2361 3159 2584 3239 Aliud
2638 3163 2784 3259 ejus
2851 3180 3061 3263 caput
3109 3159 3346 3241 vetuit

384 3287 594 3361 eum,
643 3265 768 3367 qui
812 3266 889 3346 in
939 3265 1341 3369 magistratu
1386 3287 1511 3348 aut
1557 3267 1856 3372 imperio
1924 3260 2131 3385 effers,
2175 3289 2376 3346 reum
2421 3261 2646 3344 facere
2705 3257 2889 3364 [f]-

1648 3448 1715 3552 ς.
1816 3448 2095 3528 vai.
2618 3539 2621 3543 ,
3181 3559 3187 3566 ,

491 3630 713 3711 Anno
759 3627 1119 3711 DCLVI.
1165 3658 1210 3711 a
1258 3627 1453 3715 Cossl
1511 3632 1610 3735 Q.
1663 3631 1988 3715 Caecilio
2028 3628 2383 3731 Metello,
2432 3630 2506 3711 8<
2550 3629 2647 3709 T.
2696 3627 2923 3710 Didio
2969 3629 3198 3708 Vivio
3241 3654 3352 3709 ro·-

3029 3784 3032 3787 -
3082 3753 3250 3834 gata

380 3985 506 4149 {s}
549 3992 669 4052 Cic.
713 3996 815 4086 ρι’.
862 3986 954 4058 11.
999 4013 1093 4075 ας.
1124 4006 1226 4073 49.
1854 4004 1862 4013 ’
1938 3989 1975 4059 b
2058 3999 2180 4091 Cf'c.
2221 3994 2580 4140 Rabirlpend.
2609 4019 2657 4059 c.
2709 4016 2762 4059 ι.
2798 4016 2860 4072 4.

381 4074 457 4233 [ι
543 4094 603 4135 v.
649 4073 919 4155 P1gb0ad
954 4076 1013 4139 h.
1052 4100 1114 4172 a.
1889 3992 1963 4322 {c
2042 4076 2166 4139 th.
2212 4084 2360 4170 Pseu.
2440 4124 2457 4140 .
2498 4101 2558 4156 9.

427 4151 522 4230 a]
565 4155 940 4232 Argumento
984 4165 1108 4220 Caec.
1149 4160 1280 4238 leg.
1342 4157 1433 4220 11.
1479 4158 1536 4219 6.
1567 4156 1732 4220 &A.
1770 4157 1849 4218 ad
1933 4159 1975 4219 d
1998 4218 2001 4221 ,
2056 4158 2133 4217 ad
2172 4163 2295 4219 th.
2338 4162 2485 4221 Verr.
2528 4162 2580 4219 1.
2625 4179 2684 4234 9.

467 4237 709 4295 Hermu.
749 4237 802 4298 1.
860 4258 951 4302 12.
992 4236 1318 4311 Hoffmann.
1381 4238 1522 4317 Htst.
1576 4243 1709 4319 Jur.
1763 4242 1843 4301 R.
1932 4237 2002 4318 e]
2045 4240 2167 4300 Cic.
2214 4237 2382 4300 Batb.
2421 4262 2469 4301 c.
2515 4259 2612 4315 ²4·
2657 4237 2805 4310 Ejus
2859 4238 3090 4317 generis
3142 4238 3347 4323 capita

470 4316 749 4397 Ind.1.eg.
774 4335 838 4399 p.
892 4323 990 4394 96.
1030 4322 1109 4381 T.
1146 4324 1197 4382 1.
1973 4322 2158 4383 etiam
2205 4321 2267 4381 in
2306 4319 2442 4382 aliis
2475 4320 2701 4400 legibus
2740 4318 2996 4384 fuerunt.
3037 4341 3097 4384 v.
3142 4321 3348 4401 Cujac.

428 4417 468 4456 x
555 4399 677 4458 cic.
712 4401 792 4459 Ν.
834 4401 917 4462 Β.
977 4402 1103 4463 ΙΙΙ.
1152 4421 1250 4482 30.
1975 4399 2111 4479 ObJ.
2156 4401 2313 4462 VII.
2364 4401 2459 4464 28.

380 4386 522 4719 ty}
562 4480 712 4573 Flav-t
760 4479 887 4543 111.
928 4485 1031 4575 16..
1892 4479 2001 4566 [s]
2043 4504 2104 4547 v.
2160 4481 2563 4571 fragmentum
2613 4480 2791 4563 Legis
2835 4502 2936 4566 ap.
2981 4484 3162 4565 Sigen.
3214 4483 3254 4545 l.
3295 4503 3350 4550 c.

432 4580 471 4622 z
561 4563 800 4641 Apptan.
843 4567 912 4623 B.
953 4569 1092 4625 Cev.
1146 4568 1199 4626 Ι.
1800 4636 1809 4641 -
1973 4562 2049 4633 cf.
2090 4563 2402 4639 Gothofred.
2435 4566 2514 4623 ad
2540 4567 2612 4626 L.
2649 4567 2707 4624 6.
2745 4569 2818 4625 C.
2862 4563 2979 4625 Th.
3014 4565 3093 4625 ad
3127 4567 3198 4624 L.
3217 4564 3351 4641 Jul-

431 4644 513 4717 a]
557 4640 787 4722 Pighius
812 4664 953 4705 cum
978 4644 1111 4706 aliis
1130 4642 1306 4708 refert
1337 4645 1412 4708 ad
1451 4652 1517 4707 a.
1539 4644 1842 4707 XLVIII.
1972 4643 2240 4727 repetund.
2298 4644 2520 4707 Cetera
2565 4644 2932 4723 fragmenta,
2978 4666 3052 4708 ex
3099 4644 3351 4707 auRori-

471 4723 632 4803 quod
664 4722 900 4804 probari
940 4741 1058 4787 non
1090 4725 1474 4808 p'otesttquia
1500 4747 1618 4789 non
1648 4747 1719 4788 eo
1743 4748 1843 4789 an·
1974 4725 2407 4802 buscolleRa,
2462 4746 2600 4788 cum
2652 4741 2990 4803 fragmento
3034 4747 3104 4788 ex
3144 4743 3348 4789 vetere

471 4821 587 4879 no,
620 4803 710 4865 sed
744 4804 952 4869 Mario
1012 4823 1075 4868 et
1122 4807 1338 4868 Flacco
1381 4806 1537 4869 Coss‘.
1587 4807 1845 4870 Glaucia
1972 4807 2177 4869 tabula
2208 4806 2273 4867 Ρ.
2308 4805 2772 4869 Bembiexhibet
2802 4810 2981 4899 Sigon.
3010 4807 3225 4886 dejud.
3261 4807 3354 4870 11.

468 4902 708 4964 praetor
732 4882 869 4948 fuit.
901 4888 1024 4947 Cic.
1071 4885 1267 4949 Rabir.
1275 4888 1430 4969 perd.
1446 4911 1494 4954 c.
1527 4908 1680 4972 7037.
1710 4889 1841 4955 Cel·
1976 4908 2072 4970 27.
2106 4885 2183 4954 cs.
2214 4887 2520 4963 Hol'mann.
2541 4886 2684 4967 Hejll.
2703 4890 2749 4966 J
2753 4908 2820 4947 ur
2850 4887 2969 4950 md.
3004 4890 3140 4970 Leg.
3182 4887 3242 4957 h.

459 4964 675 5069 E'ff
715 4965 887 5038 clau.
925 4969 1054 5036 cic.
1072 5030 1073 5035 a
1090 4966 1156 5036 ιι.
1202 4968 1274 5034 1..
2842 4972 2850 4981 ’
