4702 6338
945 444 998 499 a
1020 415 1437 521 justiniano
1479 416 1702 521 usque
1743 417 1842 497 ad
1885 416 2237 522 Basiliam
2300 422 2805 504 Macedonem.
3114 451 3152 529 3
3168 456 3268 522 27

390 574 564 652 riam
617 593 1122 677 pervenerunt,
1171 573 1474 676 primum
1523 572 1614 651 de
1648 571 1994 651 Hebraeis
2021 569 2125 652 (Ὺ
2165 572 2537 650 Montanis
2565 632 2591 670 ,
2655 575 2955 651 alterum
3009 572 3102 649 de
3130 573 3371 672 patri-

392 674 652 753 moniis
697 677 1130 776 templorum
1173 673 1365 752 urbis
1401 683 1709 771 Romae,
1756 673 1859 754 (9⁴
1915 673 2012 751 de
2055 672 2493 773 capitatione
2547 673 2923 773 infantum
2963 732 2988 770 ‚
3074 676 3368 751 tertium

390 776 687 888 denique
740 778 830 855 de
847 778 1112 856 duabus
1130 772 1425 875 siliquis
1475 772 1502 874 (
1534 775 1688 875 ‘ri-‘epi
1731 776 2080 874 δικεραὶτων
2118 778 2143 874 )
2188 764 2640 874 praestandis
2668 774 3223 876 provinciarum
3247 775 3372 852 ad-

400 876 1002 981 ministratoribus
1047 931 1068 957 .
1121 879 1392 956 Graece
1453 878 1751 981 protulit
1804 877 2066 980 primus
2124 879 2264 955 En.
2323 870 2730 956 Bonefidius
2789 876 2939 978 [n]
2973 934 2994 953 .

1620 1044 1693 1160 ς.
1796 1047 2156 1137 xxxw.

500 1271 1099 1357 pomum-rm,
1145 1241 1578 1344 copronymi
1591 1296 1631 1340 ‚-
1685 1226 1837 1337 fi'vess
1867 1231 2276 1354 Calqallini‚
2327 1241 2885 1360 Constitutionis
2915 1299 2943 1339 ‚
3004 1266 3147 1345 qua
3212 1240 3382 1357 reli·

400 1345 1116 1547 ἕὲιένιὲνέῃέἕέὶῗεῖἔ
1138 1342 1725 1544 ]&Gge{{zomm
1743 1342 2365 1444 stippltcattonem
2427 1368 2654 1423 vetult
2691 1403 2716 1443 ‚
2773 1343 3044 1423 summa
3096 1343 3375 1507 prodita

1396 1620 1400 1624 ,
1609 1532 1687 1648 ᾧ.
1735 1545 2134 1624 XXXVII.

505 1757 933 1808 mcnrnom
980 1729 1545 1809 Constitutiones
1592 1743 1742 1807 tr‘es‘
1779 1743 2260 1809 memorantur
2283 1752 2317 1841 3
2397 1730 2703 1832 primum
2759 1730 2850 1807 de
2899 1725 3183 1841 militia
3234 1707 3383 1806 ino-

390 1849 620 1930 pum,
673 1832 763 1909 de
817 1829 1239 1909 chartiatico
1287 1828 1391 1910 <9³
1431 1828 1773 1930 fumario
1818 1828 1922 1909 (Τ
1972 1830 2334 1906 naucleris
2366 1887 2392 1927 ,
2457 1829 2562 1909 <J
2615 1830 3045 1907 inventione
3096 1828 3376 1923 thesau-

398 1930 515 2029 ri,
564 1932 636 2010 8(
689 1931 858 2010 aliis
898 1930 1319 2031 quibusdam
1360 1987 1386 2027 ,
1457 1930 1715 2008 deinde*
1768 1930 1860 2008 de
1890 1928 2190 2030 fhenore
2240 1930 2564 2010 vetando
2593 1988 2620 2029 ,
2686 1931 2983 2032 denique
3036 1930 3127 2008 de
3177 1928 3374 2032 vasts

375 2031 620 2129 sacris
669 2031 773 2112 (Ὺ
823 2036 1026 2113 rebus
1084 2028 1584 2133 ecclesiasticis·
1633 2029 1785 2132 [p]
1814 2077 1842 2108 .-

1626 2203 1700 2312 §.-
1795 2207 2235 2292 XXXVIII.

508 2422 827 2493 uzoms,
893 2394 1299 2490 Armenii,
1394 2421 1535 2473 una.
1595 2391 2026 2496 potiffimum‘
2079 2386 2528 2474 Constitutio
2579 2444 2609 2494 5
2673 2373 2766 2475 de
2808 2383 3175 2498 Praeseffo
3214 2416 3382 2498 poe-

400 2526 580 2577 nam
633 2497 970 2578 adultero
1033 2524 1178 2576 non
1228 2492 1595 2595 irrogante
1623 2553 1653 2593 ,
1701 2493 1993 2575 refertur
2055 2498 2151 2597 [q
2172 2496 2202 2595 ]
2223 2552 2244 2573 .

1519 2767 1526 2774 ,
1626 2669 1693 2780 §.
1795 2669 2150 2758 xxx1x.

465 2889 918 2975 ‚ranorum
978 2861 1275 2975 denique
1338 2862 1649 2966 quinque
1696 2862 1927 2964 capita
1972 2853 2218 2940 litteris
2264 2861 2543 2965 prodita
2600 2861 2757 2942 sunt
2810 2860 3009 2965 [r].·
3065 2862 3156 2941 de
3208 2860 3394 2950 ima'„‘

391 2962 688 3063 genibus
732 3021 760 3060 ,
822 2963 914 3041 de
972 2963 1315 3053 eithone
1388 2963 1883 3061 monachorum
1920 3022 1944 3059 ,
2017 2963 2108 3041 de
2166 2963 2506 3068 connqbio
2578 2965 2956 3061 Persarum
3018 2991 3181 3044 cum
3230 2973 3366 3043 Ro-

397 3064 644 3144 manis
677 3123 703 3165 ‚
760 3064 853 3143 de
911 3063 1206 3164 tonj‘nra
1268 3065 1693 3167 capillorum
1719 3124 1746 3165 ‚
1801 3065 1892 3143 de
1929 3085 2165 3166 poena
2214 3064 2527 3168 raptoris
2570 3064 2741 3168 equi
2784 3064 2986 3175 [ς].

1716 3242 1783 3349 ς.
1886 3242 2046 3327 XL.

431 3485 439 3494 -
511 3430 695 3511 Satis
738 3428 824 3510 de
883 3430 1532 3513 Constitutionibus
1579 3430 1833 3511 horum
1884 3426 2439 3536 Imperatorum,
2487 3454 2786 3536 quarum
2840 3421 3178 3538 plerisque
3229 3424 3385 3536 post

456 3534 869 3612 ustinianum
917 3560 1061 3612 non
1109 3537 1210 3611 ita
1265 3560 1554 3634 magnae
1625 3538 1756 3631 juri
1816 3535 2007 3612 civili
2063 3533 2286 3613 sanae
2343 3533 2500 3613 sunt
2563 3534 2971 3619 accessiones
3016 3563 3041 3615 ε
3094 3557 3171 3614 ut
3230 3536 3384 3637 qui-

439 3636 582 3714 ibet
633 3632 834 3712 facile
885 3661 971 3714 ex
1026 3657 1441 3734 argumento
1497 3633 1864 3736 perspicere
1919 3635 2186 3736 potest:
2243 3638 2385 3733 ita,
2439 3658 2517 3715 ut
2565 3636 3095 3737 jurisprudentia
3156 3639 3385 3739 Impe-

410 3759 725 3814 ratorum
787 3762 830 3813 a
879 3736 1245 3836 Justiniani
1315 3737 1472 3814 inde
1525 3736 1873 3814 laboribus
1919 3734 2173 3812 effoeta
2207 3793 2233 3833 ,
2262 3737 2455 3838 quafi
2505 3738 2871 3820 exhaustis·
2900 3739 3204 3838 viribus,
3244 3736 3380 3817 ces-

417 3836 578 3916 saffe
635 3836 842 3942 usque
891 3838 984 3943 ad
1034 3838 1369 3917 Basiliam
1430 3837 1907 3917 Macedonem
1959 3835 2278 3915 videatur
2315 3887 2337 3914 .
3084 3942 3140 4019 S
3190 3942 3260 4018 E

397 4230 540 4331 ἶη]
581 4244 821 4322 Bonefid.
854 4250 989 4325 Jur.
1044 4248 1260 4312 orient.
1308 4264 1370 4331 p.
1421 4266 1478 4328 3.
1525 4246 1757 4312 Graece
1805 4242 1867 4311 δι
2001 4244 2151 4311 edit.
2196 4246 2383 4311 latine
2422 4245 2485 4308 in
2522 4246 2735 4311 ceteris
2763 4242 3120 4309 editionibus
3145 4250 3374 4326 Corpo-

493 4329 713 4391 Latine
755 4329 895 4391 inde
934 4328 1097 4392 edita
1143 4328 1277 4391 sunt
1321 4330 1446 4412 post
1490 4330 1782 4392 Novellas
1810 4331 1872 4391 in
2007 4331 2083 4394 ris
2125 4328 2283 4399 Iuris
2311 4373 2328 4391 .

443 4460 460 4473 .
493 4409 762 4491 Corpore
809 4411 965 4483 Juris
1016 4413 1407 4488 humano,
1450 4411 1640 4474 latine
1668 4430 1869 4473 autem
1922 4410 2044 4496 [q]
2086 4409 2318 4472 Graece
2369 4409 2494 4477 eius
2537 4407 2764 4471 summa
2825 4408 2906 4471 est
2964 4430 3062 4490 ap.
3127 4403 3376 4479 Bonefid.

496 4490 561 4550 in
603 4491 809 4553 multis
842 4490 1184 4570 vulgaribus
1225 4491 1586 4555 editionibus
1611 4536 1628 4554 .
1996 4510 2056 4576 p.
2097 4512 2155 4571 7.
2205 4491 2265 4553 &
2313 4491 2373 4551 in
2408 4491 2550 4553 edit.
2582 4492 2866 4572 Corporis
2880 4490 2908 4562 J
2919 4491 3035 4553 uris
3067 4488 3385 4551 Leuuaenia-

411 4568 532 4653 [ο]
575 4569 816 4645 Bonefid.
864 4571 925 4632 1.
949 4592 1002 4634 c.
1047 4592 1103 4653 p.
1145 4592 1205 4648 4.
1250 4572 1400 4636 Inde
1438 4574 1501 4634 in
1548 4572 1873 4636 Amstelae-
2002 4593 2114 4634 na:
2161 4573 2347 4634 latine
2400 4574 2462 4633 in
2517 4574 2621 4633 reli
2676 4592 2803 4633 uis.

495 4652 776 4715 damenfi.
828 4654 1060 4713 Simonis
1117 4676 1254 4715 van.
1313 4655 1567 4716 Leuwen.
1614 4655 1877 4717 editione
1928 4652 2043 4738 [r]
2083 4650 2320 4729 Bonq‘id.
2376 4669 2432 4727 ρ.
2500 4651 2559 4714 8.
2600 4593 2730 4732 133.
2786 4655 2856 4714 it.
2925 4652 3070 4716 edit.
3124 4652 3385 4712 Leuwen.

494 4733 783 4816 Corporis
837 4732 1031 4804 Juris:
1083 4734 1273 4797 latine
1305 4752 1509 4799 autem
1538 4736 1601 4797 in
1634 4735 1876 4818 reliquis
2005 4738 2274 4799 Graece:
2319 4733 2507 4795 latine
2556 4735 2618 4794 in
2663 4734 2912 4795 ceteris.

498 4812 619 4877 fere
660 4814 1005 4893 vulgaribus
1059 4815 1455 4878 editionibus.
1926 4816 2037 4903 [s]
2081 4817 2214 4880 Hoc
2258 4815 2542 4877 ultimum
2583 4831 2762 4896 caput
2824 4830 3026 4877 tamen
3084 4834 3202 4877 non
3256 4828 3386 4874 tam

417 4892 544 4975 [p]
579 4918 641 4959 v.
682 4895 977 4957 summam
1022 4917 1226 4959 eorum
1257 4917 1600 4980 graeceiap.
1634 4894 1873 4972 Bonefid.
2006 4899 2374 4962 constitutio
2398 4896 2512 4973 est,
2551 4914 2733 4978 quam
2775 4895 3077 4961 decretum
3119 4898 3383 4980 Impera-

480 4979 623 5055 Jnr.
663 4975 933 5041 Oriemnl.
963 4992 1031 5060 p.
1075 4994 1131 5058 ς.
1148 4974 1279 5061 sqq.
1304 4979 1369 5046 δι
1403 4978 1467 5045 in
1511 4980 1878 5044 Lamniana
2007 4983 2158 5046 toris
2201 4981 2268 5046 in
2304 4976 2487 5043 causa
2524 4976 2837 5060 fingulari.
