4702 6338
1426 393 1571 490 348
1643 459 1653 468 .
1830 377 1987 461 Lib.
2020 387 2136 460 IV.
2173 389 2345 483 Cap.
2390 388 2479 460 H.
2530 384 2651 459 De
2671 378 3285 486 jurisprudentia
3333 384 3719 482 noviffima‘

1318 573 1553 636 aetate
1612 549 2105 630 auSloritatem
2167 552 2472 632 habuiss'e
2529 553 2844 632 arbitrati
2909 550 3109 650 sunt,
3177 554 3480 657 exceptis
3572 557 3673 634 his
3704 616 3730 654 ,
3804 583 3986 663 quae
4053 561 4141 641 de
4218 567 4301 651 iis

1321 683 1407 735 ca
1459 656 1666 732 itibus
1713 652 2086 750 sancirent,
2146 655 2233 732 de
2289 656 2540 756 quibus
2577 677 2740 734 ante
2794 655 2969 732 nihil
3023 655 3185 732 ess'et
3242 675 3570 734 cautum.
3620 658 3755 735 Sed
3809 687 4067 739 vanam
4120 664 4299 749 hanc

1322 683 1458 836 eng
1487 757 1961 850 sententiam,
2012 754 2214 832 facile
2262 756 2642 853 intelligas.
2728 759 2991 859 Neque
3054 755 3450 834 testimonia
3511 757 3603 834 ab
3657 760 3819 838 viris
3893 764 4301 852 dofflssimis

1325 857 1667 961 produaa
1713 877 1987 934 tantam
2043 855 2302 935 habent
2358 857 2903 954 aueloritatem‚
2965 880 3305 959 quantam
3355 857 3435 935 iis
3473 859 3809 961 adrogant
3854 862 4023 964 [Π.

2663 1039 2728 1139 ς.
2834 1039 2967 1117 IX.

1426 1228 1674 1327 Quam
1721 1249 1891 1302 vero
1944 1221 2147 1301 hodie
2223 1226 2296 1302 in
2371 1221 2645 1321 judiciis*
2687 1221 3181 1302 aucloritatem
3212 1281 3238 1319 ,
3316 1250 3618 1325 quemve
3691 1226 3893 1304 usum
3940 1228 4301 1336 habeant,

1328 1328 1750 1431 quaerenti,
1831 1325 2015 1404 ῐεέὶε
2071 1327 2173 1403 ita
2234 1323 2635 1427 respondeas
2663 1383 2689 1423 ‚
2763 1347 2839 1402 ut
2894 1350 3117 1428 neque
3167 1324 3388 1402 nullas
3423 1383 3449 1423 ,
3516 1352 3739 1429 neque
3813 1355 4059 1410 omnes
4126 1362 4301 1416 rece-

1327 1451 1483 1531 ptas
1535 1428 1666 1507 effe
1717 1428 1901 1506 dicas
1958 1425 2164 1527 [gJ.
2706 1526 2748 1628 §
2874 1526 2944 1603 X

1431 1712 1917 1813 Promulgavit
1967 1711 2154 1789 idem
2189 1711 2341 1790 Leo
2372 1736 2657 1814 quoque
2691 1708 3257 1789 Constitutiones
3287 1709 3629 1791 τακτικοίς
3664 1731 3876 1816 atque
3926 1717 4290 1800 militares

1331 1817 1405 1893 8(
1457 1815 1807 1916 speciatim
1856 1811 2347 1889 naumachicas
2397 1813 2593 1911 [h].·
2643 1836 2940 1908 quarum
2991 1811 3313 1888 omnium
3366 1813 3719 1889 cautiones
3771 1843 3853 1892 ac
3906 1816 4285 1900 sanationes

1333 1919 1724 2016 Imperator
1769 1912 2195 1991 doetisfimus
2247 1941 2332 1990 ex
2387 1914 2812 2015 superiorum
2868 1915 3376 2012 Imperatorum
3428 1914 3727 2011 Augusti
3761 1975 3785 2012 ,
3856 1921 4147 2018 Traiani
4200 1926 4305 2002 in-

1336 2017 1573 2119 primis
1625 2015 1698 2092 &
1751 2014 2091 2093 Hadriani
2145 2015 2411 2115 legibus
2462 2015 2874 2092 militaribus
2930 2011 3360 2113 potissimum
3412 2015 3708 2093 retulille
3761 2041 4100 2118 putatur.

2655 2195 2720 2298 ς.
2835 2195 2974 2273 xi.

1335 2383 1346 2394 .
1441 2344 1771 2440 Eiusdem
1838 2367 2111 2422 Lssoms
2196 2363 2357 2418 cum
2437 2334 2645 2413 fratre
2710 2361 3202 2411 ALEXANDRO·
3263 2334 3353 2411 ab
3402 2334 3537 2410 XI.
3599 2332 3811 2410 Mai.
3880 2335 3971 2410 A.
4038 2333 4308 2415 Christi

1340 2445 1864 2524 DCCCCXL
1916 2445 2002 2521 ad
2069 2443 2211 2518 VI.
2273 2443 2436 2541 Jun.
2495 2436 3054 2512 DCCCCXII.
3112 2436 3679 2512 Constitutiones
3735 2434 3912 2511 duae
3980 2434 4176 2532 sunt,
4233 2462 4307 2515 u-

1341 2572 1435 2624 na
1491 2548 1580 2623 de
1633 2544 1989 2634 judicibus
2053 2542 2224 2641 [i],
2275 2543 2537 2633 altera,
2590 2536 2681 2612 de
2726 2535 3071 2612 locatione
3114 2535 3575 2633 praediorum
3623 2533 4308 2631 emphyteuticorum

1343 2644 1922 2746 orpbonotrophei
1967 2702 1994 2740 ,
2040 2642 2397 2720 recondita
2448 2640 2520 2714 in
2576 2635 3184 2737 orphanotropheo
3238 2635 3416 2734 [Η.
3479 2637 3670 2712 Idem
3734 2638 4107 2748 imperator
4154 2642 4310 2718 Leo

1333 2774 1539 2951 Jluoq
1549 2775 1630 2859 ue
1654 2746 2003 2824 ordinavit
2038 2742 2534 2822 constitutione
2558 2738 2877 2837 singulari
2894 2736 3176 2815 thronos
3193 2734 3638 2839 ecclesiarum
3658 2737 4121 2816 Patrtarchae
4136 2748 4315 2819 Con-

1417 2839 2494 2950 antmopolitanosuhjefflarum
2519 2839 2614 2942 [l]
2645 2897 2664 2915 .
2728 2939 2770 3039 ᾧ
2897 2940 3074 3018 XII·

1343 3155 1352 3163 ·
1447 3131 1776 3233 Ejusdem
1846 3155 2120 3211 teoms
2188 3129 2261 3206 8<
2316 3150 2872 3206 CONSTANTINI
2947 3118 3652 3223 Porphyrogennetae
3727 3123 4132 3205 aue‘ioritati
4188 3126 4304 3206 ad-

1347 3256 1633 3337 rogatur
1685 3234 1722 3317 ἧ
1775 3231 2056 3327 Εκλογῆ
2109 3230 2238 3307 τῶν
2292 3231 2535 3330 νόμων,
2570 3253 2751 3330 quae
2796 3226 3047 3328 partim
3082 3225 3267 3302 edita
3318 3226 3415 3303 est
3472 3251 3514 3301 a
3565 3226 3872 3307 Frehero
3909 3227 4131 3329 [m]:
4166 3255 4309 3308 non

1353 3336 1837 3416 confundenda
1887 3357 2051 3411 cum
2103 3332 2468 3432 Προχείρῳ
2528 3329 2760 3407 Basilii
2816 3326 3230 3405 Macedonis
3287 3327 3551 3406 inedito
3592 3328 3857 3530 [11].ᾧ
3984 3432 4167 3509 XIII

1351 3576 1461 3662 [s]
1504 3601 1564 3643 v.
1605 3576 2024 3656 Bynckershoek.
2066 3578 2202 3656 obs.
2250 3576 2369 3642 IV.
2418 3600 2469 3641 1.
2825 3574 2968 3660 ,[1]
3010 3590 3163 3659 quae
3189 3572 3488 3657 dispositio
3515 3572 3742 3636 estcum
3763 3571 3998 3638 scholiis
4016 3598 4110 3658 ap.
4139 3581 4311 3640 Leun-

1350 3657 1484 3746 [g]
1530 3659 1702 3721 Hanc
1743 3662 1806 3719 in
1848 3676 1969 3721 rem
2017 3661 2253 3739 egregia
2295 3662 2376 3725 est
2413 3659 2580 3740 Casp.
2624 3655 2808 3720 Acha-
2939 3658 3085 3719 clav.
3133 3661 3209 3718 T.
3253 3657 3305 3716 1.
3334 3672 3397 3735 p.
3440 3652 3538 3715 88.
3576 3655 3705 3737 sqq.

1350 3760 1358 3767 ·
1431 3742 1502 3799 tii
1549 3738 1738 3801 Beckii
1766 3740 1908 3800 Diss.
1950 3742 2021 3802 de
2063 3743 2307 3801 Novellis
2349 3745 2577 3819 Leonis,
2604 3762 2808 3800 earum·
2860 3736 3003 3821 [m]
3047 3737 3346 3797 Leunclav.
3390 3741 3523 3814 Jur.
3589 3740 3692 3799 Gr.
3749 3742 3911 3800 Rom.
3962 3743 4039 3799 T.
4112 3741 4201 3802 II.
4248 3758 4310 3822 p.

1470 3841 1536 3878 ue
1572 3819 1669 3897 usu
1711 3820 1788 3882 &¹
1826 3819 2139 3882 auHoritate
2161 3829 2297 3902 Jen.
2354 3825 2525 3902 1726.
2941 3840 3041 3898 79.
3073 3818 3203 3898 sqq.
3272 3818 3335 3878 iu
3393 3816 3557 3886 cujus
3627 3819 3893 3897 margine
3954 3817 4309 3903 adscriptum

1357 3899 1437 3981 [h
1521 3901 1592 3961 de
1639 3901 1849 3982 quibus
1902 3903 2177 3964 omnibus
2217 3905 2337 3966 vid.
2402 3902 2619 3963 Fabric.
2658 3899 2809 3964 Bibl.
2941 3899 3055 3975 esl,
3101 3899 3323 3960 editam
3368 3918 3499 3959 eam
3543 3898 3653 3959 ess'e
3698 3923 3753 3957 a.
3797 3900 3933 3960 Chr.
3989 3900 4128 3979 838.
4189 3923 4312 3983 per-

1436 3984 1542 4042 Gr.
1587 3981 1705 4041 Vol.
1755 3981 1873 4043 Vl.
1907 4000 1968 4063 p.
2020 3985 2306 4063 368.sqq.
2347 3982 2812 4047 constitutiones
2943 3999 3183 4061 peram:
3239 3999 3374 4039 cum
3419 3994 3491 4038 ne
3522 3976 3764 4039 Basilius
3811 3981 4051 4062 quidem
4105 3983 4306 4046 Mace-

1437 4063 1602 4143 ipsas·
1634 4063 1894 4143 primum
1937 4064 2121 4125 latine
2159 4065 2465 4127 conversas
2507 4064 2691 4126 edidit
2711 4068 2809 4143 Jo.
2942 4062 3019 4122 do
3059 4060 3166 4120 illo
3210 4080 3367 4120 anno
3422 4060 3845 4139 imperaverit:
3918 4060 4008 4122 sed
4067 4063 4303 4124 demum

1434 4141 1646 4203 Checus
1685 4142 1816 4219 Bafl
1866 4164 2037 4222 1554.
2079 4167 2140 4222 4.
2183 4147 2395 4207 deinde
2435 4165 2640 4224 graece
2670 4165 2812 4225 quo·
2943 4141 3017 4201 ab
3053 4161 3190 4199 anno
3231 4138 3368 4200 Chr.
3410 4139 3548 4215 867.
3597 4140 3744 4202 Inde
3788 4158 3990 4204 tamen
4019 4140 4175 4204 haud
4214 4146 4309 4205 du-

1438 4223 1731 4382 tttg’ssff'
1740 4224 2811 4387 ³1⁶}³⁵1ti³1ssssfflsss¹²ffig⁶²225ffi1¹2¹3¹2b⁰2³
2942 4221 3365 4363 ἒὲῖςέἔὲἑῖῖὲ.
3409 4218 3651 4381 Ηὲἷὲχῖ
3653 4223 3851 4283 Ι
3870 4243 4057 4369 ..1⁴⁰4
4104 4225 4311 4373 {izi}

1362 4370 1368 4375 .
1747 4346 1750 4351 ·
1823 4348 1837 4365 ο
2313 4351 2327 4366 0
2484 4350 2500 4367 ι
2700 4350 2713 4366 0
2797 4349 2812 4365 ο
3608 4335 3624 4363 Ι
3971 4341 4028 4373 up

1436 4384 1695 4467 denique
1747 4385 1970 4445 Aeliani
2027 4385 2272 4448 Tafiicis
2325 4408 2362 4448 a
2413 4390 2562 4449 Sixto
2602 4388 2818 4448 Arcerio
2945 4383 3295 4444 Macedonis
3337 4403 3471 4444 cum
3533 4339 3666 4446 hace
3697 4388 3897 4469 Ecloga
3921 4340 4005 4448 τι]
4060 4407 4311 4449 errorem

1446 4465 1758 4536 adjunetae
1797 4464 1928 4525 sunt
1966 4468 2186 4530 ibidem
2226 4470 2398 4547 1613.
2431 4490 2492 4546 4.
2945 4464 3087 4544 lapsi
3128 4462 3295 4539 sunt,
3342 4484 3479 4525 cum
3529 4465 3824 4541 statuunt,
3865 4467 4066 4529 Basilii
4110 4468 4313 4529 Mace-

1359 4541 1469 4629 [i]
1512 4546 1693 4628 Apud
1736 4543 1972 4620 Bonefid.
2005 4554 2136 4625 Jur.
2176 4553 2278 4610 Or.
2307 4566 2368 4629 p.
2404 4570 2495 4626 14.
2518 4548 2815 4610 Leunclav.
2944 4545 3113 4606 donis
3155 4544 3593 4608 promtuarium
3626 4547 3844 4610 safium
3873 4548 3981 4610 esse
4007 4570 4150 4608 anno
4180 4546 4314 4610 Chr.

1429 4630 1564 4707 Jur.
1612 4629 1713 4685 Gr.
1745 4630 1909 4687 Rom.
1952 4633 2029 4690 T.
2092 4630 2144 4690 1.
2191 4646 2254 4710 p.
2313 4650 2446 4710 103.
2491 4630 2553 4692 &
2592 4631 2663 4692 ad
2700 4628 2816 4691 cal·
2948 4625 3087 4705 838.
3310 4660 3317 4667 ·
3526 4664 3531 4669 -

1444 4726 1576 4769 cem
1639 4707 2032 4769 Novellarum
2079 4710 2142 4771 in
2185 4710 2448 4773 editione
2503 4712 2818 4771 Leuwenia-
2865 4702 2971 4790 [n]
3028 4728 3088 4769 v.
3145 4704 3314 4788 supra
3357 4706 3467 4768 hac
3511 4708 3661 4771 Se&
3723 4710 3781 4786 §.
3834 4710 3963 4772 111.
4030 4711 4310 4772 Ceterum

1442 4808 1517 4845 na
1577 4810 1634 4848 n.
1688 4789 1825 4853 280.
1886 4787 2106 4851 fabric.
2147 4788 2304 4853 Bibl.
2359 4794 2462 4855 (ἲν.
2502 4791 2622 4855 Vol.
2667 4791 2816 4855 XII.
2947 4787 3068 4849 alia
3118 4788 3333 4849 Leonis
3387 4806 3596 4868 numa
3661 4788 3774 4852 suit
3816 4792 3879 4852 in
3944 4789 4315 4852 Bibliotheca.

1418 4881 1530 5008 kp..
1563 4870 1702 4941 416.
2948 4868 3255 4947 Palatina,
3302 4889 3446 4951 opus
3491 4872 3667 4965 meris
3708 4869 4146 4933 definitionibus
4174 4890 4317 4934 con-

1365 4941 1400 5030 [
1468 4940 1496 5024 ]
1536 4946 1837 5016 Leunclav.
1882 4955 1960 5016 Τ.
2001 4952 2056 5016 1.
2077 4968 2150 5037 p.
2197 4972 2330 5017 102.
2948 4948 3104 5014 stans
3148 4970 3209 5017 v.
3256 4950 3467 5032 Suarefi
3498 4955 3660 5015 Nom
3704 4950 3876 5027 Basti.
3921 4953 3981 5030 §.
4039 4972 4133 5014 ιι.
